[gd_scene load_steps=59 format=2]

[ext_resource path="res://asetoj/Esperantisto/Esperantisto.gd" type="Script" id=1]
[ext_resource path="res://asetoj/donaco/donac_ombro.png" type="Texture" id=2]
[ext_resource path="res://asetoj/Esperantisto/korpo.png" type="Texture" id=3]
[ext_resource path="res://asetoj/Esperantisto/cxapelo.png" type="Texture" id=4]
[ext_resource path="res://asetoj/Esperantisto/gambo.png" type="Texture" id=5]
[ext_resource path="res://asetoj/Esperantisto/sub_gambo.png" type="Texture" id=6]
[ext_resource path="res://asetoj/Esperantisto/piedo.png" type="Texture" id=7]
[ext_resource path="res://asetoj/Esperantisto/brako.png" type="Texture" id=8]
[ext_resource path="res://asetoj/Esperantisto/antauxbrako.png" type="Texture" id=9]
[ext_resource path="res://asetoj/Esperantisto/mano.png" type="Texture" id=10]
[ext_resource path="res://sonoj/efektoj/pasxsono_01.wav" type="AudioStream" id=11]
[ext_resource path="res://sonoj/efektoj/pasxsono_02.wav" type="AudioStream" id=12]
[ext_resource path="res://sonoj/efektoj/Jump Up.wav" type="AudioStream" id=13]
[ext_resource path="res://sonoj/efektoj/eksplodo.wav" type="AudioStream" id=14]
[ext_resource path="res://sonoj/efektoj/salt_sono.wav" type="AudioStream" id=15]
[ext_resource path="res://asetoj/Esperantisto/flug_kapucxo/flug_kapucxo0000.png" type="Texture" id=16]
[ext_resource path="res://asetoj/Esperantisto/flug_kapucxo/flug_kapucxo0001.png" type="Texture" id=17]
[ext_resource path="res://asetoj/Esperantisto/flug_kapucxo/flug_kapucxo0002.png" type="Texture" id=18]
[ext_resource path="res://asetoj/Esperantisto/flug_kapucxo/flug_kapucxo0003.png" type="Texture" id=19]
[ext_resource path="res://asetoj/Esperantisto/flug_kapucxo/flug_kapucxo0004.png" type="Texture" id=20]
[ext_resource path="res://asetoj/Esperantisto/flug_kapucxo/flug_kapucxo0005.png" type="Texture" id=21]
[ext_resource path="res://asetoj/Esperantisto/flug_kapucxo/flug_kapucxo0006.png" type="Texture" id=22]
[ext_resource path="res://asetoj/Esperantisto/flug_kapucxo/flug_kapucxo0007.png" type="Texture" id=23]
[ext_resource path="res://asetoj/Esperantisto/flug_kapucxo/flug_kapucxo0008.png" type="Texture" id=24]
[ext_resource path="res://asetoj/Esperantisto/FlugVento/FlugVento0002.png" type="Texture" id=25]
[ext_resource path="res://asetoj/Esperantisto/FlugVento/FlugVento0003.png" type="Texture" id=26]
[ext_resource path="res://asetoj/Esperantisto/FlugVento/FlugVento0004.png" type="Texture" id=27]
[ext_resource path="res://asetoj/Esperantisto/FlugVento/FlugVento0005.png" type="Texture" id=28]
[ext_resource path="res://asetoj/Esperantisto/FlugVento/FlugVento0006.png" type="Texture" id=29]
[ext_resource path="res://asetoj/Esperantisto/FlugVento/FlugVento0007.png" type="Texture" id=30]
[ext_resource path="res://asetoj/Esperantisto/FlugVento/FlugVento0008.png" type="Texture" id=31]
[ext_resource path="res://asetoj/Esperantisto/FlugVento/FlugVento0009.png" type="Texture" id=32]
[ext_resource path="res://asetoj/Esperantisto/FlugVento/FlugVento0010.png" type="Texture" id=33]
[ext_resource path="res://asetoj/Esperantisto/FlugVento/FlugVento0011.png" type="Texture" id=34]
[ext_resource path="res://asetoj/Esperantisto/FlugVento/FlugVento0012.png" type="Texture" id=35]
[ext_resource path="res://asetoj/Esperantisto/FlugVento/FlugVento0013.png" type="Texture" id=36]
[ext_resource path="res://asetoj/Esperantisto/FlugVento/FlugVento0014.png" type="Texture" id=37]
[ext_resource path="res://asetoj/Esperantisto/FlugVento/FlugVento0015.png" type="Texture" id=38]
[ext_resource path="res://asetoj/Esperantisto/FlugVento/FlugVento0016.png" type="Texture" id=39]
[ext_resource path="res://asetoj/Esperantisto/FlugVento/FlugVento0017.png" type="Texture" id=40]
[ext_resource path="res://asetoj/Esperantisto/FlugVento/FlugVento0018.png" type="Texture" id=41]
[ext_resource path="res://asetoj/Esperantisto/FlugVento/FlugVento0019.png" type="Texture" id=42]
[ext_resource path="res://asetoj/Esperantisto/FlugVento/FlugVento0020.png" type="Texture" id=43]
[ext_resource path="res://asetoj/Esperantisto/FlugVento/FlugVento0021.png" type="Texture" id=44]
[ext_resource path="res://asetoj/Esperantisto/FlugVento/FlugVento0022.png" type="Texture" id=45]
[ext_resource path="res://asetoj/Esperantisto/FlugVento/FlugVento0023.png" type="Texture" id=46]
[ext_resource path="res://asetoj/Esperantisto/FlugVento/FlugVento0024.png" type="Texture" id=47]
[ext_resource path="res://asetoj/Esperantisto/FlugVento/FlugVento0025.png" type="Texture" id=48]

[sub_resource type="RectangleShape2D" id=1]

extents = Vector2( 3.06672, 55.988 )

[sub_resource type="CapsuleShape2D" id=2]

radius = 17.7415
height = 79.2574

[sub_resource type="Animation" id=3]

resource_name = "fali"
length = 3.0
loop = true
tracks/0/type = "value"
tracks/0/path = NodePath("korpo/brako_02/antauxbrako:position")
tracks/0/interp = 1
tracks/0/loop_wrap = true
tracks/0/imported = false
tracks/0/enabled = true
tracks/0/keys = {
"times": PoolRealArray( 0, 1.5, 3 ),
"transitions": PoolRealArray( 1, 1, 1 ),
"update": 0,
"values": [ Vector2( -4.10571, 35.0569 ), Vector2( -4.10571, 35.0569 ), Vector2( -4.10571, 35.0569 ) ]
}
tracks/1/type = "value"
tracks/1/path = NodePath("korpo/brako_02/antauxbrako:rotation_degrees")
tracks/1/interp = 2
tracks/1/loop_wrap = true
tracks/1/imported = false
tracks/1/enabled = true
tracks/1/keys = {
"times": PoolRealArray( 0, 1.5, 3 ),
"transitions": PoolRealArray( 1, 1, 1 ),
"update": 0,
"values": [ -79.644, -73.0812, -79.644 ]
}
tracks/2/type = "value"
tracks/2/path = NodePath("korpo/brako_02/antauxbrako/mano:position")
tracks/2/interp = 1
tracks/2/loop_wrap = true
tracks/2/imported = false
tracks/2/enabled = true
tracks/2/keys = {
"times": PoolRealArray( 0, 1.5, 3 ),
"transitions": PoolRealArray( 1, 1, 1 ),
"update": 0,
"values": [ Vector2( -1.65375, 37.5591 ), Vector2( -1.65375, 37.5591 ), Vector2( -1.65375, 37.5591 ) ]
}
tracks/3/type = "value"
tracks/3/path = NodePath("korpo/brako_02/antauxbrako/mano:rotation_degrees")
tracks/3/interp = 2
tracks/3/loop_wrap = true
tracks/3/imported = false
tracks/3/enabled = true
tracks/3/keys = {
"times": PoolRealArray( 0, 1.5, 3 ),
"transitions": PoolRealArray( 1, 1, 1 ),
"update": 0,
"values": [ -178.433, -178.433, -178.433 ]
}
tracks/4/type = "value"
tracks/4/path = NodePath("korpo/brako_01:position")
tracks/4/interp = 1
tracks/4/loop_wrap = true
tracks/4/imported = false
tracks/4/enabled = true
tracks/4/keys = {
"times": PoolRealArray( 0, 1.5, 3 ),
"transitions": PoolRealArray( 1, 1, 1 ),
"update": 0,
"values": [ Vector2( 34.6931, -159.197 ), Vector2( 34.3475, -162.653 ), Vector2( 34.6931, -162.307 ) ]
}
tracks/5/type = "value"
tracks/5/path = NodePath("korpo/brako_01:rotation_degrees")
tracks/5/interp = 2
tracks/5/loop_wrap = true
tracks/5/imported = false
tracks/5/enabled = true
tracks/5/keys = {
"times": PoolRealArray( 0, 1.5, 3 ),
"transitions": PoolRealArray( 1, 1, 1 ),
"update": 0,
"values": [ 70.1174, 81.9971, 70.1174 ]
}
tracks/6/type = "value"
tracks/6/path = NodePath("korpo/brako_01/antauxbrako:position")
tracks/6/interp = 1
tracks/6/loop_wrap = true
tracks/6/imported = false
tracks/6/enabled = true
tracks/6/keys = {
"times": PoolRealArray( 0, 1.5, 3 ),
"transitions": PoolRealArray( 1, 1, 1 ),
"update": 0,
"values": [ Vector2( -4.10571, 35.0569 ), Vector2( -4.10571, 35.0569 ), Vector2( -4.10571, 35.0569 ) ]
}
tracks/7/type = "value"
tracks/7/path = NodePath("korpo/brako_01/antauxbrako:rotation_degrees")
tracks/7/interp = 2
tracks/7/loop_wrap = true
tracks/7/imported = false
tracks/7/enabled = true
tracks/7/keys = {
"times": PoolRealArray( 0, 1.5, 3 ),
"transitions": PoolRealArray( 1, 1, 1 ),
"update": 0,
"values": [ -49.5413, -49.5413, -49.5413 ]
}
tracks/8/type = "value"
tracks/8/path = NodePath("korpo/brako_01/antauxbrako/mano:position")
tracks/8/interp = 1
tracks/8/loop_wrap = true
tracks/8/imported = false
tracks/8/enabled = true
tracks/8/keys = {
"times": PoolRealArray( 0, 1.5, 3 ),
"transitions": PoolRealArray( 1, 1, 1 ),
"update": 0,
"values": [ Vector2( -1.65375, 37.5591 ), Vector2( -1.65375, 37.5591 ), Vector2( -1.65375, 37.5591 ) ]
}
tracks/9/type = "value"
tracks/9/path = NodePath("korpo/brako_01/antauxbrako/mano:rotation_degrees")
tracks/9/interp = 1
tracks/9/loop_wrap = true
tracks/9/imported = false
tracks/9/enabled = true
tracks/9/keys = {
"times": PoolRealArray( 0, 1.5, 3 ),
"transitions": PoolRealArray( 1, 1, 1 ),
"update": 0,
"values": [ -178.433, -178.433, -178.433 ]
}
tracks/10/type = "value"
tracks/10/path = NodePath("korpo/brako_02:position")
tracks/10/interp = 1
tracks/10/loop_wrap = true
tracks/10/imported = false
tracks/10/enabled = true
tracks/10/keys = {
"times": PoolRealArray( 0, 1.5, 3 ),
"transitions": PoolRealArray( 1, 1, 1 ),
"update": 0,
"values": [ Vector2( 1.67726, -177.695 ), Vector2( 4.82161, -177.246 ), Vector2( 1.67726, -177.695 ) ]
}
tracks/11/type = "value"
tracks/11/path = NodePath("korpo/brako_02:rotation_degrees")
tracks/11/interp = 2
tracks/11/loop_wrap = true
tracks/11/imported = false
tracks/11/enabled = true
tracks/11/keys = {
"times": PoolRealArray( 0.3, 1.8, 3.3 ),
"transitions": PoolRealArray( 1, 1, 1 ),
"update": 0,
"values": [ 80.0739, 90.5521, 80.0739 ]
}
tracks/12/type = "value"
tracks/12/path = NodePath("korpo:position")
tracks/12/interp = 2
tracks/12/loop_wrap = true
tracks/12/imported = false
tracks/12/enabled = true
tracks/12/keys = {
"times": PoolRealArray( 0, 1.5, 3 ),
"transitions": PoolRealArray( 1, 1, 1 ),
"update": 0,
"values": [ Vector2( 1.063, 12.761 ), Vector2( 1.063, 14.141 ), Vector2( 1.063, 12.761 ) ]
}
tracks/13/type = "value"
tracks/13/path = NodePath("korpo:rotation_degrees")
tracks/13/interp = 2
tracks/13/loop_wrap = true
tracks/13/imported = false
tracks/13/enabled = true
tracks/13/keys = {
"times": PoolRealArray( 0.3, 1.8, 3.3 ),
"transitions": PoolRealArray( 1, 1, 1 ),
"update": 0,
"values": [ 0.0, 2.5, 0.0 ]
}
tracks/14/type = "value"
tracks/14/path = NodePath("korpo/korpo:position")
tracks/14/interp = 2
tracks/14/loop_wrap = true
tracks/14/imported = false
tracks/14/enabled = true
tracks/14/keys = {
"times": PoolRealArray( 0, 1.5, 3 ),
"transitions": PoolRealArray( 1, 1, 1 ),
"update": 0,
"values": [ Vector2( -2.67329, -136.438 ), Vector2( -2.67329, -136.438 ), Vector2( -2.67329, -136.438 ) ]
}
tracks/15/type = "value"
tracks/15/path = NodePath("korpo/korpo:rotation_degrees")
tracks/15/interp = 2
tracks/15/loop_wrap = true
tracks/15/imported = false
tracks/15/enabled = true
tracks/15/keys = {
"times": PoolRealArray( 0, 1.5, 3 ),
"transitions": PoolRealArray( 1, 1, 1 ),
"update": 0,
"values": [ 35.6413, 38.112, 35.6413 ]
}
tracks/16/type = "value"
tracks/16/path = NodePath("korpo/korpo/cxapelo:position")
tracks/16/interp = 1
tracks/16/loop_wrap = true
tracks/16/imported = false
tracks/16/enabled = true
tracks/16/keys = {
"times": PoolRealArray( 0, 1.5, 3 ),
"transitions": PoolRealArray( 1, 1, 1 ),
"update": 0,
"values": [ Vector2( 0.18608, -55.7343 ), Vector2( 0.18608, -55.7343 ), Vector2( 0.18608, -55.7343 ) ]
}
tracks/17/type = "value"
tracks/17/path = NodePath("korpo/korpo/cxapelo:rotation_degrees")
tracks/17/interp = 2
tracks/17/loop_wrap = true
tracks/17/imported = false
tracks/17/enabled = true
tracks/17/keys = {
"times": PoolRealArray( 0, 1.5, 3 ),
"transitions": PoolRealArray( 1, 1, 1 ),
"update": 0,
"values": [ 4.88548, 10.9236, 4.88548 ]
}
tracks/18/type = "value"
tracks/18/path = NodePath("korpo/gambo_01:position")
tracks/18/interp = 1
tracks/18/loop_wrap = true
tracks/18/imported = false
tracks/18/enabled = true
tracks/18/keys = {
"times": PoolRealArray( 0, 1.5, 3 ),
"transitions": PoolRealArray( 1, 1, 1 ),
"update": 0,
"values": [ Vector2( 0.327117, -129.451 ), Vector2( 0.327117, -129.451 ), Vector2( 0.327117, -129.451 ) ]
}
tracks/19/type = "value"
tracks/19/path = NodePath("korpo/gambo_01:rotation_degrees")
tracks/19/interp = 2
tracks/19/loop_wrap = true
tracks/19/imported = false
tracks/19/enabled = true
tracks/19/keys = {
"times": PoolRealArray( 0.2, 1.7, 3.2 ),
"transitions": PoolRealArray( 1, 1, 1 ),
"update": 0,
"values": [ -46.9772, -51.3184, -46.9772 ]
}
tracks/20/type = "value"
tracks/20/path = NodePath("korpo/gambo_01/sub_gambo:position")
tracks/20/interp = 1
tracks/20/loop_wrap = true
tracks/20/imported = false
tracks/20/enabled = true
tracks/20/keys = {
"times": PoolRealArray( 0, 1.5, 3 ),
"transitions": PoolRealArray( 1, 1, 1 ),
"update": 0,
"values": [ Vector2( 1.83348, 48.8873 ), Vector2( 1.83348, 48.8873 ), Vector2( 1.83348, 48.8873 ) ]
}
tracks/21/type = "value"
tracks/21/path = NodePath("korpo/gambo_01/sub_gambo:rotation_degrees")
tracks/21/interp = 2
tracks/21/loop_wrap = true
tracks/21/imported = false
tracks/21/enabled = true
tracks/21/keys = {
"times": PoolRealArray( 0, 1.5, 3 ),
"transitions": PoolRealArray( 1, 1, 1 ),
"update": 0,
"values": [ 114.368, 114.368, 114.368 ]
}
tracks/22/type = "value"
tracks/22/path = NodePath("korpo/gambo_01/sub_gambo/piedo:position")
tracks/22/interp = 1
tracks/22/loop_wrap = true
tracks/22/imported = false
tracks/22/enabled = true
tracks/22/keys = {
"times": PoolRealArray( 0, 1.5, 3 ),
"transitions": PoolRealArray( 1, 1, 1 ),
"update": 0,
"values": [ Vector2( 0.547546, 50.5824 ), Vector2( 0.547546, 50.5824 ), Vector2( 0.547546, 50.5824 ) ]
}
tracks/23/type = "value"
tracks/23/path = NodePath("korpo/gambo_01/sub_gambo/piedo:rotation_degrees")
tracks/23/interp = 1
tracks/23/loop_wrap = true
tracks/23/imported = false
tracks/23/enabled = true
tracks/23/keys = {
"times": PoolRealArray( 0, 1.5, 3 ),
"transitions": PoolRealArray( 1, 1, 1 ),
"update": 0,
"values": [ 28.2145, 33.1949, 28.2145 ]
}
tracks/24/type = "value"
tracks/24/path = NodePath("korpo/gambo_02:position")
tracks/24/interp = 1
tracks/24/loop_wrap = true
tracks/24/imported = false
tracks/24/enabled = true
tracks/24/keys = {
"times": PoolRealArray( 0, 1.5, 3 ),
"transitions": PoolRealArray( 1, 1, 1 ),
"update": 0,
"values": [ Vector2( -13.8376, -131.972 ), Vector2( -13.8376, -131.972 ), Vector2( -13.8376, -131.972 ) ]
}
tracks/25/type = "value"
tracks/25/path = NodePath("korpo/gambo_02:rotation_degrees")
tracks/25/interp = 2
tracks/25/loop_wrap = true
tracks/25/imported = false
tracks/25/enabled = true
tracks/25/keys = {
"times": PoolRealArray( 0.2, 1.7, 3.2 ),
"transitions": PoolRealArray( 1, 1, 1 ),
"update": 0,
"values": [ -36.1212, -32.1563, -36.1212 ]
}
tracks/26/type = "value"
tracks/26/path = NodePath("korpo/gambo_02/sub_gambo:position")
tracks/26/interp = 1
tracks/26/loop_wrap = true
tracks/26/imported = false
tracks/26/enabled = true
tracks/26/keys = {
"times": PoolRealArray( 0, 1.5, 3 ),
"transitions": PoolRealArray( 1, 1, 1 ),
"update": 0,
"values": [ Vector2( 1.83348, 48.8873 ), Vector2( 1.83348, 48.8873 ), Vector2( 1.83348, 48.8873 ) ]
}
tracks/27/type = "value"
tracks/27/path = NodePath("korpo/gambo_02/sub_gambo:rotation_degrees")
tracks/27/interp = 1
tracks/27/loop_wrap = true
tracks/27/imported = false
tracks/27/enabled = true
tracks/27/keys = {
"times": PoolRealArray( 0, 1.5, 3 ),
"transitions": PoolRealArray( 1, 1, 1 ),
"update": 0,
"values": [ 34.828, 34.828, 34.828 ]
}
tracks/28/type = "value"
tracks/28/path = NodePath("korpo/gambo_02/sub_gambo/piedo:position")
tracks/28/interp = 1
tracks/28/loop_wrap = true
tracks/28/imported = false
tracks/28/enabled = true
tracks/28/keys = {
"times": PoolRealArray( 0, 1.5, 3 ),
"transitions": PoolRealArray( 1, 1, 1 ),
"update": 0,
"values": [ Vector2( 0.547546, 50.5824 ), Vector2( 0.547546, 50.5824 ), Vector2( 0.547546, 50.5824 ) ]
}
tracks/29/type = "value"
tracks/29/path = NodePath("korpo/gambo_02/sub_gambo/piedo:rotation_degrees")
tracks/29/interp = 1
tracks/29/loop_wrap = true
tracks/29/imported = false
tracks/29/enabled = true
tracks/29/keys = {
"times": PoolRealArray( 0, 1.5, 3 ),
"transitions": PoolRealArray( 1, 1, 1 ),
"update": 0,
"values": [ 41.1004, 36.6904, 41.1004 ]
}

[sub_resource type="Animation" id=4]

resource_name = "fali_origina"
length = 3.0
loop = true
tracks/0/type = "value"
tracks/0/path = NodePath("korpo/brako_02/antauxbrako:position")
tracks/0/interp = 1
tracks/0/loop_wrap = true
tracks/0/imported = false
tracks/0/enabled = true
tracks/0/keys = {
"times": PoolRealArray( 0, 1.5, 3 ),
"transitions": PoolRealArray( 1, 1, 1 ),
"update": 0,
"values": [ Vector2( -4.10571, 35.0569 ), Vector2( -4.10571, 35.0569 ), Vector2( -4.10571, 35.0569 ) ]
}
tracks/1/type = "value"
tracks/1/path = NodePath("korpo/brako_02/antauxbrako:rotation_degrees")
tracks/1/interp = 2
tracks/1/loop_wrap = true
tracks/1/imported = false
tracks/1/enabled = true
tracks/1/keys = {
"times": PoolRealArray( 0, 1.5, 3 ),
"transitions": PoolRealArray( 1, 1, 1 ),
"update": 0,
"values": [ -79.644, -73.0812, -79.644 ]
}
tracks/2/type = "value"
tracks/2/path = NodePath("korpo/brako_02/antauxbrako/mano:position")
tracks/2/interp = 1
tracks/2/loop_wrap = true
tracks/2/imported = false
tracks/2/enabled = true
tracks/2/keys = {
"times": PoolRealArray( 0, 1.5, 3 ),
"transitions": PoolRealArray( 1, 1, 1 ),
"update": 0,
"values": [ Vector2( -1.65375, 37.5591 ), Vector2( -1.65375, 37.5591 ), Vector2( -1.65375, 37.5591 ) ]
}
tracks/3/type = "value"
tracks/3/path = NodePath("korpo/brako_02/antauxbrako/mano:rotation_degrees")
tracks/3/interp = 2
tracks/3/loop_wrap = true
tracks/3/imported = false
tracks/3/enabled = true
tracks/3/keys = {
"times": PoolRealArray( 0, 1.5, 3 ),
"transitions": PoolRealArray( 1, 1, 1 ),
"update": 0,
"values": [ -178.433, -178.433, -178.433 ]
}
tracks/4/type = "value"
tracks/4/path = NodePath("korpo/brako_01:position")
tracks/4/interp = 1
tracks/4/loop_wrap = true
tracks/4/imported = false
tracks/4/enabled = true
tracks/4/keys = {
"times": PoolRealArray( 0, 1.5, 3 ),
"transitions": PoolRealArray( 1, 1, 1 ),
"update": 0,
"values": [ Vector2( 34.002, -158.506 ), Vector2( 34.002, -158.506 ), Vector2( 34.002, -158.506 ) ]
}
tracks/5/type = "value"
tracks/5/path = NodePath("korpo/brako_01:rotation_degrees")
tracks/5/interp = 2
tracks/5/loop_wrap = true
tracks/5/imported = false
tracks/5/enabled = true
tracks/5/keys = {
"times": PoolRealArray( 0, 1.5, 3 ),
"transitions": PoolRealArray( 1, 1, 1 ),
"update": 0,
"values": [ -61.0607, -47.7173, -61.0607 ]
}
tracks/6/type = "value"
tracks/6/path = NodePath("korpo/brako_01/antauxbrako:position")
tracks/6/interp = 1
tracks/6/loop_wrap = true
tracks/6/imported = false
tracks/6/enabled = true
tracks/6/keys = {
"times": PoolRealArray( 0, 1.5, 3 ),
"transitions": PoolRealArray( 1, 1, 1 ),
"update": 0,
"values": [ Vector2( -4.10571, 35.0569 ), Vector2( -4.10571, 35.0569 ), Vector2( -4.10571, 35.0569 ) ]
}
tracks/7/type = "value"
tracks/7/path = NodePath("korpo/brako_01/antauxbrako:rotation_degrees")
tracks/7/interp = 2
tracks/7/loop_wrap = true
tracks/7/imported = false
tracks/7/enabled = true
tracks/7/keys = {
"times": PoolRealArray( 0, 1.5, 3 ),
"transitions": PoolRealArray( 1, 1, 1 ),
"update": 0,
"values": [ -127.73, -133.161, -127.73 ]
}
tracks/8/type = "value"
tracks/8/path = NodePath("korpo/brako_01/antauxbrako/mano:position")
tracks/8/interp = 1
tracks/8/loop_wrap = true
tracks/8/imported = false
tracks/8/enabled = true
tracks/8/keys = {
"times": PoolRealArray( 0, 1.5, 3 ),
"transitions": PoolRealArray( 1, 1, 1 ),
"update": 0,
"values": [ Vector2( -1.65375, 37.5591 ), Vector2( -1.65375, 37.5591 ), Vector2( -1.65375, 37.5591 ) ]
}
tracks/9/type = "value"
tracks/9/path = NodePath("korpo/brako_01/antauxbrako/mano:rotation_degrees")
tracks/9/interp = 1
tracks/9/loop_wrap = true
tracks/9/imported = false
tracks/9/enabled = true
tracks/9/keys = {
"times": PoolRealArray( 0, 1.5, 3 ),
"transitions": PoolRealArray( 1, 1, 1 ),
"update": 0,
"values": [ -178.433, -178.433, -178.433 ]
}
tracks/10/type = "value"
tracks/10/path = NodePath("korpo/brako_02:position")
tracks/10/interp = 1
tracks/10/loop_wrap = true
tracks/10/imported = false
tracks/10/enabled = true
tracks/10/keys = {
"times": PoolRealArray( 0, 1.5, 3 ),
"transitions": PoolRealArray( 1, 1, 1 ),
"update": 0,
"values": [ Vector2( 1.67726, -177.695 ), Vector2( 4.82161, -177.246 ), Vector2( 1.67726, -177.695 ) ]
}
tracks/11/type = "value"
tracks/11/path = NodePath("korpo/brako_02:rotation_degrees")
tracks/11/interp = 2
tracks/11/loop_wrap = true
tracks/11/imported = false
tracks/11/enabled = true
tracks/11/keys = {
"times": PoolRealArray( 0.3, 1.8, 3.3 ),
"transitions": PoolRealArray( 1, 1, 1 ),
"update": 0,
"values": [ 80.0739, 90.5521, 80.0739 ]
}
tracks/12/type = "value"
tracks/12/path = NodePath("korpo:position")
tracks/12/interp = 1
tracks/12/loop_wrap = true
tracks/12/imported = false
tracks/12/enabled = true
tracks/12/keys = {
"times": PoolRealArray( 0, 1.5, 3 ),
"transitions": PoolRealArray( 1, 1, 1 ),
"update": 0,
"values": [ Vector2( 1.06274, 25.761 ), Vector2( 1.06274, 25.761 ), Vector2( 1.06274, 25.761 ) ]
}
tracks/13/type = "value"
tracks/13/path = NodePath("korpo:rotation_degrees")
tracks/13/interp = 2
tracks/13/loop_wrap = true
tracks/13/imported = false
tracks/13/enabled = true
tracks/13/keys = {
"times": PoolRealArray( 0, 1.5, 3 ),
"transitions": PoolRealArray( 1, 1, 1 ),
"update": 0,
"values": [ 0.0, 0.0, 0.0 ]
}
tracks/14/type = "value"
tracks/14/path = NodePath("korpo/korpo:position")
tracks/14/interp = 1
tracks/14/loop_wrap = true
tracks/14/imported = false
tracks/14/enabled = true
tracks/14/keys = {
"times": PoolRealArray( 0, 1.5, 3 ),
"transitions": PoolRealArray( 1, 1, 1 ),
"update": 0,
"values": [ Vector2( -2.67329, -136.438 ), Vector2( -2.67329, -136.438 ), Vector2( -2.67329, -136.438 ) ]
}
tracks/15/type = "value"
tracks/15/path = NodePath("korpo/korpo:rotation_degrees")
tracks/15/interp = 1
tracks/15/loop_wrap = true
tracks/15/imported = false
tracks/15/enabled = true
tracks/15/keys = {
"times": PoolRealArray( 0, 1.5, 3 ),
"transitions": PoolRealArray( 1, 1, 1 ),
"update": 0,
"values": [ 35.6413, 38.112, 35.6413 ]
}
tracks/16/type = "value"
tracks/16/path = NodePath("korpo/korpo/cxapelo:position")
tracks/16/interp = 1
tracks/16/loop_wrap = true
tracks/16/imported = false
tracks/16/enabled = true
tracks/16/keys = {
"times": PoolRealArray( 0, 1.5, 3 ),
"transitions": PoolRealArray( 1, 1, 1 ),
"update": 0,
"values": [ Vector2( 0.18608, -55.7343 ), Vector2( 0.18608, -55.7343 ), Vector2( 0.18608, -55.7343 ) ]
}
tracks/17/type = "value"
tracks/17/path = NodePath("korpo/korpo/cxapelo:rotation_degrees")
tracks/17/interp = 2
tracks/17/loop_wrap = true
tracks/17/imported = false
tracks/17/enabled = true
tracks/17/keys = {
"times": PoolRealArray( 0, 1.5, 3 ),
"transitions": PoolRealArray( 1, 1, 1 ),
"update": 0,
"values": [ 4.88548, 10.9236, 4.88548 ]
}
tracks/18/type = "value"
tracks/18/path = NodePath("korpo/gambo_01:position")
tracks/18/interp = 1
tracks/18/loop_wrap = true
tracks/18/imported = false
tracks/18/enabled = true
tracks/18/keys = {
"times": PoolRealArray( 0, 1.5, 3 ),
"transitions": PoolRealArray( 1, 1, 1 ),
"update": 0,
"values": [ Vector2( 0.327117, -129.451 ), Vector2( 0.327117, -129.451 ), Vector2( 0.327117, -129.451 ) ]
}
tracks/19/type = "value"
tracks/19/path = NodePath("korpo/gambo_01:rotation_degrees")
tracks/19/interp = 2
tracks/19/loop_wrap = true
tracks/19/imported = false
tracks/19/enabled = true
tracks/19/keys = {
"times": PoolRealArray( 0, 1.5, 3 ),
"transitions": PoolRealArray( 1, 1, 1 ),
"update": 0,
"values": [ -32.5804, -28.3362, -32.5804 ]
}
tracks/20/type = "value"
tracks/20/path = NodePath("korpo/gambo_01/sub_gambo:position")
tracks/20/interp = 1
tracks/20/loop_wrap = true
tracks/20/imported = false
tracks/20/enabled = true
tracks/20/keys = {
"times": PoolRealArray( 0, 1.5, 3 ),
"transitions": PoolRealArray( 1, 1, 1 ),
"update": 0,
"values": [ Vector2( 1.83348, 48.8873 ), Vector2( 1.83348, 48.8873 ), Vector2( 1.83348, 48.8873 ) ]
}
tracks/21/type = "value"
tracks/21/path = NodePath("korpo/gambo_01/sub_gambo:rotation_degrees")
tracks/21/interp = 2
tracks/21/loop_wrap = true
tracks/21/imported = false
tracks/21/enabled = true
tracks/21/keys = {
"times": PoolRealArray( 0, 1.5, 3 ),
"transitions": PoolRealArray( 1, 1, 1 ),
"update": 0,
"values": [ 39.0054, 25.429, 39.0054 ]
}
tracks/22/type = "value"
tracks/22/path = NodePath("korpo/gambo_01/sub_gambo/piedo:position")
tracks/22/interp = 1
tracks/22/loop_wrap = true
tracks/22/imported = false
tracks/22/enabled = true
tracks/22/keys = {
"times": PoolRealArray( 0, 1.5, 3 ),
"transitions": PoolRealArray( 1, 1, 1 ),
"update": 0,
"values": [ Vector2( 0.547546, 50.5824 ), Vector2( 0.547546, 50.5824 ), Vector2( 0.547546, 50.5824 ) ]
}
tracks/23/type = "value"
tracks/23/path = NodePath("korpo/gambo_01/sub_gambo/piedo:rotation_degrees")
tracks/23/interp = 1
tracks/23/loop_wrap = true
tracks/23/imported = false
tracks/23/enabled = true
tracks/23/keys = {
"times": PoolRealArray( 0, 1.5, 3 ),
"transitions": PoolRealArray( 1, 1, 1 ),
"update": 0,
"values": [ 28.2145, 28.2145, 28.2145 ]
}
tracks/24/type = "value"
tracks/24/path = NodePath("korpo/gambo_02:position")
tracks/24/interp = 1
tracks/24/loop_wrap = true
tracks/24/imported = false
tracks/24/enabled = true
tracks/24/keys = {
"times": PoolRealArray( 0, 1.5, 3 ),
"transitions": PoolRealArray( 1, 1, 1 ),
"update": 0,
"values": [ Vector2( -13.8376, -131.972 ), Vector2( -13.8376, -131.972 ), Vector2( -13.8376, -131.972 ) ]
}
tracks/25/type = "value"
tracks/25/path = NodePath("korpo/gambo_02:rotation_degrees")
tracks/25/interp = 2
tracks/25/loop_wrap = true
tracks/25/imported = false
tracks/25/enabled = true
tracks/25/keys = {
"times": PoolRealArray( 0, 1.5, 3 ),
"transitions": PoolRealArray( 1, 1, 1 ),
"update": 0,
"values": [ -77.5959, -72.479, -77.5959 ]
}
tracks/26/type = "value"
tracks/26/path = NodePath("korpo/gambo_02/sub_gambo:position")
tracks/26/interp = 1
tracks/26/loop_wrap = true
tracks/26/imported = false
tracks/26/enabled = true
tracks/26/keys = {
"times": PoolRealArray( 0, 1.5, 3 ),
"transitions": PoolRealArray( 1, 1, 1 ),
"update": 0,
"values": [ Vector2( 1.83348, 48.8873 ), Vector2( 1.83348, 48.8873 ), Vector2( 1.83348, 48.8873 ) ]
}
tracks/27/type = "value"
tracks/27/path = NodePath("korpo/gambo_02/sub_gambo:rotation_degrees")
tracks/27/interp = 1
tracks/27/loop_wrap = true
tracks/27/imported = false
tracks/27/enabled = true
tracks/27/keys = {
"times": PoolRealArray( 0, 1.5, 3 ),
"transitions": PoolRealArray( 1, 1, 1 ),
"update": 0,
"values": [ 128.504, 128.504, 128.504 ]
}
tracks/28/type = "value"
tracks/28/path = NodePath("korpo/gambo_02/sub_gambo/piedo:position")
tracks/28/interp = 1
tracks/28/loop_wrap = true
tracks/28/imported = false
tracks/28/enabled = true
tracks/28/keys = {
"times": PoolRealArray( 0, 1.5, 3 ),
"transitions": PoolRealArray( 1, 1, 1 ),
"update": 0,
"values": [ Vector2( 0.547546, 50.5824 ), Vector2( 0.547546, 50.5824 ), Vector2( 0.547546, 50.5824 ) ]
}
tracks/29/type = "value"
tracks/29/path = NodePath("korpo/gambo_02/sub_gambo/piedo:rotation_degrees")
tracks/29/interp = 1
tracks/29/loop_wrap = true
tracks/29/imported = false
tracks/29/enabled = true
tracks/29/keys = {
"times": PoolRealArray( 0, 1.5, 3 ),
"transitions": PoolRealArray( 1, 1, 1 ),
"update": 0,
"values": [ 0.0, 0.0, 0.0 ]
}

[sub_resource type="Animation" id=5]

resource_name = "flugi"
length = 4.0
loop = true
tracks/0/type = "value"
tracks/0/path = NodePath("korpo/gambo_02/sub_gambo/piedo:position")
tracks/0/interp = 1
tracks/0/loop_wrap = true
tracks/0/imported = false
tracks/0/enabled = true
tracks/0/keys = {
"times": PoolRealArray( 0, 2, 4 ),
"transitions": PoolRealArray( 1, 1, 1 ),
"update": 0,
"values": [ Vector2( 0.547546, 50.5824 ), Vector2( 0.547546, 50.5824 ), Vector2( 0.547546, 50.5824 ) ]
}
tracks/1/type = "value"
tracks/1/path = NodePath("korpo/gambo_02/sub_gambo/piedo:rotation_degrees")
tracks/1/interp = 1
tracks/1/loop_wrap = true
tracks/1/imported = false
tracks/1/enabled = true
tracks/1/keys = {
"times": PoolRealArray( 0, 2, 4 ),
"transitions": PoolRealArray( 1, 1, 1 ),
"update": 0,
"values": [ 64.4352, 64.4352, 64.4352 ]
}
tracks/2/type = "value"
tracks/2/path = NodePath("korpo/korpo/cxapelo:position")
tracks/2/interp = 2
tracks/2/loop_wrap = true
tracks/2/imported = false
tracks/2/enabled = true
tracks/2/keys = {
"times": PoolRealArray( 0, 2, 4 ),
"transitions": PoolRealArray( 1, 1, 1 ),
"update": 0,
"values": [ Vector2( -14.049, -60.9529 ), Vector2( -14.4777, -60.9953 ), Vector2( -14.049, -60.9529 ) ]
}
tracks/3/type = "value"
tracks/3/path = NodePath("korpo/korpo/cxapelo:rotation_degrees")
tracks/3/interp = 2
tracks/3/loop_wrap = true
tracks/3/imported = false
tracks/3/enabled = true
tracks/3/keys = {
"times": PoolRealArray( 0, 2, 4 ),
"transitions": PoolRealArray( 1, 1, 1 ),
"update": 0,
"values": [ -75.5387, -77.8786, -75.5387 ]
}
tracks/4/type = "value"
tracks/4/path = NodePath("korpo/gambo_01/sub_gambo:position")
tracks/4/interp = 1
tracks/4/loop_wrap = true
tracks/4/imported = false
tracks/4/enabled = true
tracks/4/keys = {
"times": PoolRealArray( 0, 2, 4 ),
"transitions": PoolRealArray( 1, 1, 1 ),
"update": 0,
"values": [ Vector2( 1.83348, 48.8873 ), Vector2( 1.83348, 48.8873 ), Vector2( 1.83348, 48.8873 ) ]
}
tracks/5/type = "value"
tracks/5/path = NodePath("korpo/gambo_01/sub_gambo:rotation_degrees")
tracks/5/interp = 2
tracks/5/loop_wrap = true
tracks/5/imported = false
tracks/5/enabled = true
tracks/5/keys = {
"times": PoolRealArray( 0, 2, 4 ),
"transitions": PoolRealArray( 1, 1, 1 ),
"update": 0,
"values": [ 32.3617, 28.1425, 32.3617 ]
}
tracks/6/type = "value"
tracks/6/path = NodePath("korpo/korpo:position")
tracks/6/interp = 1
tracks/6/loop_wrap = true
tracks/6/imported = false
tracks/6/enabled = true
tracks/6/keys = {
"times": PoolRealArray( 0, 2, 4 ),
"transitions": PoolRealArray( 1, 1, 1 ),
"update": 0,
"values": [ Vector2( -2.67329, -136.438 ), Vector2( -2.67329, -136.438 ), Vector2( -2.67329, -136.438 ) ]
}
tracks/7/type = "value"
tracks/7/path = NodePath("korpo/korpo:rotation_degrees")
tracks/7/interp = 2
tracks/7/loop_wrap = true
tracks/7/imported = false
tracks/7/enabled = true
tracks/7/keys = {
"times": PoolRealArray( 0, 2, 4 ),
"transitions": PoolRealArray( 1, 1, 1 ),
"update": 0,
"values": [ 0.0, -1.82004, 0.0 ]
}
tracks/8/type = "value"
tracks/8/path = NodePath("korpo/brako_01/antauxbrako/mano:position")
tracks/8/interp = 1
tracks/8/loop_wrap = true
tracks/8/imported = false
tracks/8/enabled = true
tracks/8/keys = {
"times": PoolRealArray( 0, 2, 4 ),
"transitions": PoolRealArray( 1, 1, 1 ),
"update": 0,
"values": [ Vector2( -1.65375, 37.5591 ), Vector2( -1.65375, 37.5591 ), Vector2( -1.65375, 37.5591 ) ]
}
tracks/9/type = "value"
tracks/9/path = NodePath("korpo/brako_01/antauxbrako/mano:rotation_degrees")
tracks/9/interp = 1
tracks/9/loop_wrap = true
tracks/9/imported = false
tracks/9/enabled = true
tracks/9/keys = {
"times": PoolRealArray( 0, 2, 4 ),
"transitions": PoolRealArray( 1, 1, 1 ),
"update": 0,
"values": [ -178.433, -178.433, -178.433 ]
}
tracks/10/type = "value"
tracks/10/path = NodePath("korpo/brako_02/antauxbrako/mano:position")
tracks/10/interp = 1
tracks/10/loop_wrap = true
tracks/10/imported = false
tracks/10/enabled = true
tracks/10/keys = {
"times": PoolRealArray( 0, 2, 4 ),
"transitions": PoolRealArray( 1, 1, 1 ),
"update": 0,
"values": [ Vector2( -1.65375, 37.5591 ), Vector2( -1.65375, 37.5591 ), Vector2( -1.65375, 37.5591 ) ]
}
tracks/11/type = "value"
tracks/11/path = NodePath("korpo/brako_02/antauxbrako/mano:rotation_degrees")
tracks/11/interp = 1
tracks/11/loop_wrap = true
tracks/11/imported = false
tracks/11/enabled = true
tracks/11/keys = {
"times": PoolRealArray( 0, 2, 4 ),
"transitions": PoolRealArray( 1, 1, 1 ),
"update": 0,
"values": [ -178.433, -178.433, -178.433 ]
}
tracks/12/type = "value"
tracks/12/path = NodePath("korpo/brako_01:position")
tracks/12/interp = 2
tracks/12/loop_wrap = true
tracks/12/imported = false
tracks/12/enabled = true
tracks/12/keys = {
"times": PoolRealArray( 0, 1, 2, 3.1, 4 ),
"transitions": PoolRealArray( 1, 1, 1, 1, 1 ),
"update": 0,
"values": [ Vector2( 9.00574, -186.589 ), Vector2( 8.28957, -186.178 ), Vector2( 7.65872, -185.815 ), Vector2( 8.34124, -186.207 ), Vector2( 9.00574, -186.589 ) ]
}
tracks/13/type = "value"
tracks/13/path = NodePath("korpo/brako_01:rotation_degrees")
tracks/13/interp = 2
tracks/13/loop_wrap = true
tracks/13/imported = false
tracks/13/enabled = true
tracks/13/keys = {
"times": PoolRealArray( 0, 0.9, 2, 3, 4 ),
"transitions": PoolRealArray( 1, 1, 1, 1, 1 ),
"update": 0,
"values": [ -173.58, -176.293, -173.896, -175.816, -173.58 ]
}
tracks/14/type = "value"
tracks/14/path = NodePath("korpo:position")
tracks/14/interp = 1
tracks/14/loop_wrap = true
tracks/14/imported = false
tracks/14/enabled = true
tracks/14/keys = {
"times": PoolRealArray( 0, 4 ),
"transitions": PoolRealArray( 1, 1 ),
"update": 0,
"values": [ Vector2( -64.589, -52.1196 ), Vector2( -64.589, -52.1196 ) ]
}
tracks/15/type = "value"
tracks/15/path = NodePath("korpo:rotation_degrees")
tracks/15/interp = 2
tracks/15/loop_wrap = true
tracks/15/imported = false
tracks/15/enabled = true
tracks/15/keys = {
"times": PoolRealArray( 0, 0.9, 2, 3.1, 4 ),
"transitions": PoolRealArray( 1, 1, 1, 1, 1 ),
"update": 0,
"values": [ 86.1728, 87.2836, 86.0951, 86.9315, 86.1728 ]
}
tracks/16/type = "value"
tracks/16/path = NodePath("korpo/brako_02:position")
tracks/16/interp = 2
tracks/16/loop_wrap = true
tracks/16/imported = false
tracks/16/enabled = true
tracks/16/keys = {
"times": PoolRealArray( 0, 1, 2, 3, 4 ),
"transitions": PoolRealArray( 1, 1, 1, 1, 1 ),
"update": 0,
"values": [ Vector2( -17.9861, -173.021 ), Vector2( -18.8624, -173.535 ), Vector2( -19.6479, -173.996 ), Vector2( -18.9209, -173.569 ), Vector2( -17.9861, -173.021 ) ]
}
tracks/17/type = "value"
tracks/17/path = NodePath("korpo/brako_02:rotation_degrees")
tracks/17/interp = 2
tracks/17/loop_wrap = true
tracks/17/imported = false
tracks/17/enabled = true
tracks/17/keys = {
"times": PoolRealArray( 0, 0.9, 2, 3, 4 ),
"transitions": PoolRealArray( 1, 1, 1, 1, 1 ),
"update": 0,
"values": [ -170.745, -171.958, -169.257, -173.388, -170.745 ]
}
tracks/18/type = "value"
tracks/18/path = NodePath("korpo/brako_01/antauxbrako:position")
tracks/18/interp = 1
tracks/18/loop_wrap = true
tracks/18/imported = false
tracks/18/enabled = true
tracks/18/keys = {
"times": PoolRealArray( 0, 2, 4 ),
"transitions": PoolRealArray( 1, 1, 1 ),
"update": 0,
"values": [ Vector2( -4.10571, 35.0569 ), Vector2( -4.10571, 35.0569 ), Vector2( -4.10571, 35.0569 ) ]
}
tracks/19/type = "value"
tracks/19/path = NodePath("korpo/brako_01/antauxbrako:rotation_degrees")
tracks/19/interp = 1
tracks/19/loop_wrap = true
tracks/19/imported = false
tracks/19/enabled = true
tracks/19/keys = {
"times": PoolRealArray( 0, 2, 4 ),
"transitions": PoolRealArray( 1, 1, 1 ),
"update": 0,
"values": [ -2.69755, -2.69755, -2.69755 ]
}
tracks/20/type = "value"
tracks/20/path = NodePath("korpo/gambo_02:position")
tracks/20/interp = 1
tracks/20/loop_wrap = true
tracks/20/imported = false
tracks/20/enabled = true
tracks/20/keys = {
"times": PoolRealArray( 0, 2, 4 ),
"transitions": PoolRealArray( 1, 1, 1 ),
"update": 0,
"values": [ Vector2( -1.87377, -126.78 ), Vector2( -1.87377, -126.78 ), Vector2( -1.87377, -126.78 ) ]
}
tracks/21/type = "value"
tracks/21/path = NodePath("korpo/gambo_02:rotation_degrees")
tracks/21/interp = 2
tracks/21/loop_wrap = true
tracks/21/imported = false
tracks/21/enabled = true
tracks/21/keys = {
"times": PoolRealArray( 0, 2, 4 ),
"transitions": PoolRealArray( 1, 1, 1 ),
"update": 0,
"values": [ 9.96643, 11.4613, 9.96643 ]
}
tracks/22/type = "value"
tracks/22/path = NodePath("korpo/gambo_01/sub_gambo/piedo:position")
tracks/22/interp = 1
tracks/22/loop_wrap = true
tracks/22/imported = false
tracks/22/enabled = true
tracks/22/keys = {
"times": PoolRealArray( 0, 2, 4 ),
"transitions": PoolRealArray( 1, 1, 1 ),
"update": 0,
"values": [ Vector2( 0.547546, 50.5824 ), Vector2( 0.547546, 50.5824 ), Vector2( 0.547546, 50.5824 ) ]
}
tracks/23/type = "value"
tracks/23/path = NodePath("korpo/gambo_01/sub_gambo/piedo:rotation_degrees")
tracks/23/interp = 2
tracks/23/loop_wrap = true
tracks/23/imported = false
tracks/23/enabled = true
tracks/23/keys = {
"times": PoolRealArray( 0, 2, 4 ),
"transitions": PoolRealArray( 1, 1, 1 ),
"update": 0,
"values": [ 44.4536, 48.8643, 44.4536 ]
}
tracks/24/type = "value"
tracks/24/path = NodePath("korpo/brako_02/antauxbrako:position")
tracks/24/interp = 1
tracks/24/loop_wrap = true
tracks/24/imported = false
tracks/24/enabled = true
tracks/24/keys = {
"times": PoolRealArray( 0, 2, 4 ),
"transitions": PoolRealArray( 1, 1, 1 ),
"update": 0,
"values": [ Vector2( -4.10571, 35.0569 ), Vector2( -4.10571, 35.0569 ), Vector2( -4.10571, 35.0569 ) ]
}
tracks/25/type = "value"
tracks/25/path = NodePath("korpo/brako_02/antauxbrako:rotation_degrees")
tracks/25/interp = 2
tracks/25/loop_wrap = true
tracks/25/imported = false
tracks/25/enabled = true
tracks/25/keys = {
"times": PoolRealArray( 0, 2, 4 ),
"transitions": PoolRealArray( 1, 1, 1 ),
"update": 0,
"values": [ -2.4665, -2.4665, -2.4665 ]
}
tracks/26/type = "value"
tracks/26/path = NodePath("korpo/gambo_01:position")
tracks/26/interp = 1
tracks/26/loop_wrap = true
tracks/26/imported = false
tracks/26/enabled = true
tracks/26/keys = {
"times": PoolRealArray( 0, 2, 4 ),
"transitions": PoolRealArray( 1, 1, 1 ),
"update": 0,
"values": [ Vector2( -0.841549, -128.967 ), Vector2( -0.841549, -128.967 ), Vector2( -0.841549, -128.967 ) ]
}
tracks/27/type = "value"
tracks/27/path = NodePath("korpo/gambo_01:rotation_degrees")
tracks/27/interp = 2
tracks/27/loop_wrap = true
tracks/27/imported = false
tracks/27/enabled = true
tracks/27/keys = {
"times": PoolRealArray( 0, 2, 4 ),
"transitions": PoolRealArray( 1, 1, 1 ),
"update": 0,
"values": [ -2.10622, -3.99913, -2.10622 ]
}
tracks/28/type = "value"
tracks/28/path = NodePath("korpo/gambo_02/sub_gambo:position")
tracks/28/interp = 1
tracks/28/loop_wrap = true
tracks/28/imported = false
tracks/28/enabled = true
tracks/28/keys = {
"times": PoolRealArray( 0, 2, 4 ),
"transitions": PoolRealArray( 1, 1, 1 ),
"update": 0,
"values": [ Vector2( 1.83348, 48.8873 ), Vector2( 1.83348, 48.8873 ), Vector2( 1.83348, 48.8873 ) ]
}
tracks/29/type = "value"
tracks/29/path = NodePath("korpo/gambo_02/sub_gambo:rotation_degrees")
tracks/29/interp = 2
tracks/29/loop_wrap = true
tracks/29/imported = false
tracks/29/enabled = true
tracks/29/keys = {
"times": PoolRealArray( 0, 2, 4 ),
"transitions": PoolRealArray( 1, 1, 1 ),
"update": 0,
"values": [ 31.3326, 26.0166, 31.3326 ]
}

[sub_resource type="Animation" id=6]

length = 10.0
tracks/0/type = "value"
tracks/0/path = NodePath("korpo/brako_02/antauxbrako:position")
tracks/0/interp = 1
tracks/0/loop_wrap = true
tracks/0/imported = false
tracks/0/enabled = true
tracks/0/keys = {
"times": PoolRealArray( 0, 5, 10 ),
"transitions": PoolRealArray( 1, 1, 1 ),
"update": 0,
"values": [ Vector2( -4.10571, 35.0569 ), Vector2( -4.10571, 35.0569 ), Vector2( -4.10571, 35.0569 ) ]
}
tracks/1/type = "value"
tracks/1/path = NodePath("korpo/brako_02/antauxbrako:rotation_degrees")
tracks/1/interp = 1
tracks/1/loop_wrap = true
tracks/1/imported = false
tracks/1/enabled = true
tracks/1/keys = {
"times": PoolRealArray( 0, 5, 10 ),
"transitions": PoolRealArray( 1, 1, 1 ),
"update": 0,
"values": [ -79.644, -76.2885, -79.644 ]
}
tracks/2/type = "value"
tracks/2/path = NodePath("korpo/brako_02/antauxbrako/mano:position")
tracks/2/interp = 1
tracks/2/loop_wrap = true
tracks/2/imported = false
tracks/2/enabled = true
tracks/2/keys = {
"times": PoolRealArray( 0, 5, 10 ),
"transitions": PoolRealArray( 1, 1, 1 ),
"update": 0,
"values": [ Vector2( -1.65375, 37.5591 ), Vector2( -0.908615, 36.9651 ), Vector2( -1.65375, 37.5591 ) ]
}
tracks/3/type = "value"
tracks/3/path = NodePath("korpo/brako_02/antauxbrako/mano:rotation_degrees")
tracks/3/interp = 1
tracks/3/loop_wrap = true
tracks/3/imported = false
tracks/3/enabled = true
tracks/3/keys = {
"times": PoolRealArray( 0, 5, 10 ),
"transitions": PoolRealArray( 1, 1, 1 ),
"update": 0,
"values": [ -178.433, -187.633, -178.433 ]
}
tracks/4/type = "value"
tracks/4/path = NodePath("korpo/brako_01:position")
tracks/4/interp = 1
tracks/4/loop_wrap = true
tracks/4/imported = false
tracks/4/enabled = true
tracks/4/keys = {
"times": PoolRealArray( 0, 5, 10 ),
"transitions": PoolRealArray( 1, 1, 1 ),
"update": 0,
"values": [ Vector2( 43.574, -141.151 ), Vector2( 44.7794, -134.521 ), Vector2( 43.574, -141.151 ) ]
}
tracks/5/type = "value"
tracks/5/path = NodePath("korpo/brako_01:rotation_degrees")
tracks/5/interp = 1
tracks/5/loop_wrap = true
tracks/5/imported = false
tracks/5/enabled = true
tracks/5/keys = {
"times": PoolRealArray( 0, 5, 10 ),
"transitions": PoolRealArray( 1, 1, 1 ),
"update": 0,
"values": [ 28.0384, 40.0816, 28.0384 ]
}
tracks/6/type = "value"
tracks/6/path = NodePath("korpo/brako_01/antauxbrako:position")
tracks/6/interp = 1
tracks/6/loop_wrap = true
tracks/6/imported = false
tracks/6/enabled = true
tracks/6/keys = {
"times": PoolRealArray( 0, 5, 10 ),
"transitions": PoolRealArray( 1, 1, 1 ),
"update": 0,
"values": [ Vector2( -4.10571, 35.0569 ), Vector2( -4.10571, 35.0569 ), Vector2( -4.10571, 35.0569 ) ]
}
tracks/7/type = "value"
tracks/7/path = NodePath("korpo/brako_01/antauxbrako:rotation_degrees")
tracks/7/interp = 1
tracks/7/loop_wrap = true
tracks/7/imported = false
tracks/7/enabled = true
tracks/7/keys = {
"times": PoolRealArray( 0, 5, 10 ),
"transitions": PoolRealArray( 1, 1, 1 ),
"update": 0,
"values": [ -46.2228, -70.786, -46.2228 ]
}
tracks/8/type = "value"
tracks/8/path = NodePath("korpo/brako_01/antauxbrako/mano:position")
tracks/8/interp = 1
tracks/8/loop_wrap = true
tracks/8/imported = false
tracks/8/enabled = true
tracks/8/keys = {
"times": PoolRealArray( 0, 5, 10 ),
"transitions": PoolRealArray( 1, 1, 1 ),
"update": 0,
"values": [ Vector2( -1.33585, 36.5913 ), Vector2( -4.10793, 35.7068 ), Vector2( -1.33585, 36.5913 ) ]
}
tracks/9/type = "value"
tracks/9/path = NodePath("korpo/brako_01/antauxbrako/mano:rotation_degrees")
tracks/9/interp = 1
tracks/9/loop_wrap = true
tracks/9/imported = false
tracks/9/enabled = true
tracks/9/keys = {
"times": PoolRealArray( 0, 5, 10 ),
"transitions": PoolRealArray( 1, 1, 1 ),
"update": 0,
"values": [ -164.795, -154.128, -164.795 ]
}
tracks/10/type = "value"
tracks/10/path = NodePath("korpo/brako_02:position")
tracks/10/interp = 1
tracks/10/loop_wrap = true
tracks/10/imported = false
tracks/10/enabled = true
tracks/10/keys = {
"times": PoolRealArray( 0, 5, 10 ),
"transitions": PoolRealArray( 1, 1, 1 ),
"update": 0,
"values": [ Vector2( 18.8506, -161.688 ), Vector2( 24.8776, -159.88 ), Vector2( 18.8506, -161.688 ) ]
}
tracks/11/type = "value"
tracks/11/path = NodePath("korpo/brako_02:rotation_degrees")
tracks/11/interp = 1
tracks/11/loop_wrap = true
tracks/11/imported = false
tracks/11/enabled = true
tracks/11/keys = {
"times": PoolRealArray( 0, 5, 10 ),
"transitions": PoolRealArray( 1, 1, 1 ),
"update": 0,
"values": [ 89.783, 76.0066, 89.783 ]
}
tracks/12/type = "value"
tracks/12/path = NodePath("korpo:position")
tracks/12/interp = 1
tracks/12/loop_wrap = true
tracks/12/imported = false
tracks/12/enabled = true
tracks/12/keys = {
"times": PoolRealArray( 0 ),
"transitions": PoolRealArray( 1 ),
"update": 0,
"values": [ Vector2( 1.063, 37.0053 ) ]
}
tracks/13/type = "value"
tracks/13/path = NodePath("korpo:rotation_degrees")
tracks/13/interp = 1
tracks/13/loop_wrap = true
tracks/13/imported = false
tracks/13/enabled = true
tracks/13/keys = {
"times": PoolRealArray( 0, 5, 10 ),
"transitions": PoolRealArray( 1, 1, 1 ),
"update": 0,
"values": [ 0.0, 0.0, 0.0 ]
}
tracks/14/type = "value"
tracks/14/path = NodePath("korpo/korpo:position")
tracks/14/interp = 1
tracks/14/loop_wrap = true
tracks/14/imported = false
tracks/14/enabled = true
tracks/14/keys = {
"times": PoolRealArray( 0, 5, 10 ),
"transitions": PoolRealArray( 1, 1, 1 ),
"update": 0,
"values": [ Vector2( 2.14837, -124.987 ), Vector2( 2.14837, -124.987 ), Vector2( 2.14837, -124.987 ) ]
}
tracks/15/type = "value"
tracks/15/path = NodePath("korpo/korpo:rotation_degrees")
tracks/15/interp = 1
tracks/15/loop_wrap = true
tracks/15/imported = false
tracks/15/enabled = true
tracks/15/keys = {
"times": PoolRealArray( 0, 5, 10 ),
"transitions": PoolRealArray( 1, 1, 1 ),
"update": 0,
"values": [ 51.7459, 59.2272, 51.7459 ]
}
tracks/16/type = "value"
tracks/16/path = NodePath("korpo/korpo/cxapelo:position")
tracks/16/interp = 1
tracks/16/loop_wrap = true
tracks/16/imported = false
tracks/16/enabled = true
tracks/16/keys = {
"times": PoolRealArray( 0, 5, 7.7, 10 ),
"transitions": PoolRealArray( 1, 1, 1, 1 ),
"update": 0,
"values": [ Vector2( 0.837796, -54.7078 ), Vector2( 0.837796, -54.7078 ), Vector2( 0.837796, -54.7078 ), Vector2( 0.837796, -54.7078 ) ]
}
tracks/17/type = "value"
tracks/17/path = NodePath("korpo/korpo/cxapelo:rotation_degrees")
tracks/17/interp = 2
tracks/17/loop_wrap = true
tracks/17/imported = false
tracks/17/enabled = true
tracks/17/keys = {
"times": PoolRealArray( 0, 2.9, 5, 5.7 ),
"transitions": PoolRealArray( 1, 1, 1, 1 ),
"update": 0,
"values": [ 22.1002, 22.1002, 22.1002, -38.7884 ]
}
tracks/18/type = "value"
tracks/18/path = NodePath("korpo/gambo_01:position")
tracks/18/interp = 1
tracks/18/loop_wrap = true
tracks/18/imported = false
tracks/18/enabled = true
tracks/18/keys = {
"times": PoolRealArray( 0, 5, 10 ),
"transitions": PoolRealArray( 1, 1, 1 ),
"update": 0,
"values": [ Vector2( -0.700195, -129.026 ), Vector2( -0.700195, -129.026 ), Vector2( -0.700195, -129.026 ) ]
}
tracks/19/type = "value"
tracks/19/path = NodePath("korpo/gambo_01:rotation_degrees")
tracks/19/interp = 1
tracks/19/loop_wrap = true
tracks/19/imported = false
tracks/19/enabled = true
tracks/19/keys = {
"times": PoolRealArray( 0, 5, 10 ),
"transitions": PoolRealArray( 1, 1, 1 ),
"update": 0,
"values": [ 6.05867, 6.05867, 6.05867 ]
}
tracks/20/type = "value"
tracks/20/path = NodePath("korpo/gambo_01/sub_gambo:position")
tracks/20/interp = 1
tracks/20/loop_wrap = true
tracks/20/imported = false
tracks/20/enabled = true
tracks/20/keys = {
"times": PoolRealArray( 0, 5, 10 ),
"transitions": PoolRealArray( 1, 1, 1 ),
"update": 0,
"values": [ Vector2( 1.83348, 48.8873 ), Vector2( 1.83348, 48.8873 ), Vector2( 1.83348, 48.8873 ) ]
}
tracks/21/type = "value"
tracks/21/path = NodePath("korpo/gambo_01/sub_gambo:rotation_degrees")
tracks/21/interp = 1
tracks/21/loop_wrap = true
tracks/21/imported = false
tracks/21/enabled = true
tracks/21/keys = {
"times": PoolRealArray( 0, 5, 10 ),
"transitions": PoolRealArray( 1, 1, 1 ),
"update": 0,
"values": [ 98.8017, 98.8017, 98.8017 ]
}
tracks/22/type = "value"
tracks/22/path = NodePath("korpo/gambo_01/sub_gambo/piedo:position")
tracks/22/interp = 1
tracks/22/loop_wrap = true
tracks/22/imported = false
tracks/22/enabled = true
tracks/22/keys = {
"times": PoolRealArray( 0, 5, 10 ),
"transitions": PoolRealArray( 1, 1, 1 ),
"update": 0,
"values": [ Vector2( 0.547546, 50.5824 ), Vector2( 0.547546, 50.5824 ), Vector2( 0.547546, 50.5824 ) ]
}
tracks/23/type = "value"
tracks/23/path = NodePath("korpo/gambo_01/sub_gambo/piedo:rotation_degrees")
tracks/23/interp = 1
tracks/23/loop_wrap = true
tracks/23/imported = false
tracks/23/enabled = true
tracks/23/keys = {
"times": PoolRealArray( 0, 5, 10 ),
"transitions": PoolRealArray( 1, 1, 1 ),
"update": 0,
"values": [ 13.247, 13.247, 13.247 ]
}
tracks/24/type = "value"
tracks/24/path = NodePath("korpo/gambo_02:position")
tracks/24/interp = 1
tracks/24/loop_wrap = true
tracks/24/imported = false
tracks/24/enabled = true
tracks/24/keys = {
"times": PoolRealArray( 0, 5, 10 ),
"transitions": PoolRealArray( 1, 1, 1 ),
"update": 0,
"values": [ Vector2( -1.96151, -126.648 ), Vector2( -1.96151, -126.648 ), Vector2( -1.96151, -126.648 ) ]
}
tracks/25/type = "value"
tracks/25/path = NodePath("korpo/gambo_02:rotation_degrees")
tracks/25/interp = 1
tracks/25/loop_wrap = true
tracks/25/imported = false
tracks/25/enabled = true
tracks/25/keys = {
"times": PoolRealArray( 0, 5, 10 ),
"transitions": PoolRealArray( 1, 1, 1 ),
"update": 0,
"values": [ -93.4332, -93.4332, -93.4332 ]
}
tracks/26/type = "value"
tracks/26/path = NodePath("korpo/gambo_02/sub_gambo:position")
tracks/26/interp = 1
tracks/26/loop_wrap = true
tracks/26/imported = false
tracks/26/enabled = true
tracks/26/keys = {
"times": PoolRealArray( 0, 5, 10 ),
"transitions": PoolRealArray( 1, 1, 1 ),
"update": 0,
"values": [ Vector2( 1.83348, 48.8873 ), Vector2( 1.83348, 48.8873 ), Vector2( 1.83348, 48.8873 ) ]
}
tracks/27/type = "value"
tracks/27/path = NodePath("korpo/gambo_02/sub_gambo:rotation_degrees")
tracks/27/interp = 1
tracks/27/loop_wrap = true
tracks/27/imported = false
tracks/27/enabled = true
tracks/27/keys = {
"times": PoolRealArray( 0, 5, 10 ),
"transitions": PoolRealArray( 1, 1, 1 ),
"update": 0,
"values": [ 95.4844, 95.4844, 95.4844 ]
}
tracks/28/type = "value"
tracks/28/path = NodePath("korpo/gambo_02/sub_gambo/piedo:position")
tracks/28/interp = 1
tracks/28/loop_wrap = true
tracks/28/imported = false
tracks/28/enabled = true
tracks/28/keys = {
"times": PoolRealArray( 0, 5, 10 ),
"transitions": PoolRealArray( 1, 1, 1 ),
"update": 0,
"values": [ Vector2( 0.547546, 50.5824 ), Vector2( 0.547546, 50.5824 ), Vector2( 0.547546, 50.5824 ) ]
}
tracks/29/type = "value"
tracks/29/path = NodePath("korpo/gambo_02/sub_gambo/piedo:rotation_degrees")
tracks/29/interp = 1
tracks/29/loop_wrap = true
tracks/29/imported = false
tracks/29/enabled = true
tracks/29/keys = {
"times": PoolRealArray( 0, 5, 10 ),
"transitions": PoolRealArray( 1, 1, 1 ),
"update": 0,
"values": [ 0.0, 0.0, 0.0 ]
}

[sub_resource type="Animation" id=7]

length = 4.0
loop = true
tracks/0/type = "value"
tracks/0/path = NodePath("korpo/gambo_02/sub_gambo:position")
tracks/0/interp = 1
tracks/0/loop_wrap = true
tracks/0/imported = false
tracks/0/enabled = true
tracks/0/keys = {
"times": PoolRealArray( 0, 1, 2, 2.5, 3, 4 ),
"transitions": PoolRealArray( 1, 1, 1, 1, 1, 1 ),
"update": 0,
"values": [ Vector2( 1.83348, 48.8873 ), Vector2( 1.83348, 48.8873 ), Vector2( 1.83348, 48.8873 ), Vector2( 1.83348, 48.8873 ), Vector2( 1.83348, 48.8873 ), Vector2( 1.83348, 48.8873 ) ]
}
tracks/1/type = "value"
tracks/1/path = NodePath("korpo/gambo_02/sub_gambo:rotation_degrees")
tracks/1/interp = 1
tracks/1/loop_wrap = true
tracks/1/imported = false
tracks/1/enabled = true
tracks/1/keys = {
"times": PoolRealArray( 0, 1, 2, 2.5, 3, 4 ),
"transitions": PoolRealArray( 1, 1, 1, 1, 1, 1 ),
"update": 0,
"values": [ 71.4988, 101.39, 42.3336, 4.01156, 14.8941, 71.4988 ]
}
tracks/2/type = "value"
tracks/2/path = NodePath("korpo/gambo_02/sub_gambo/piedo:position")
tracks/2/interp = 1
tracks/2/loop_wrap = true
tracks/2/imported = false
tracks/2/enabled = true
tracks/2/keys = {
"times": PoolRealArray( 0, 1, 2, 3, 4 ),
"transitions": PoolRealArray( 1, 1, 1, 1, 1 ),
"update": 0,
"values": [ Vector2( 0.547546, 50.5824 ), Vector2( 0.547546, 50.5824 ), Vector2( 0.547546, 50.5824 ), Vector2( 0.547546, 50.5824 ), Vector2( 0.547546, 50.5824 ) ]
}
tracks/3/type = "value"
tracks/3/path = NodePath("korpo/gambo_02/sub_gambo/piedo:rotation_degrees")
tracks/3/interp = 1
tracks/3/loop_wrap = true
tracks/3/imported = false
tracks/3/enabled = true
tracks/3/keys = {
"times": PoolRealArray( 0, 1, 2, 3, 4 ),
"transitions": PoolRealArray( 1, 1, 1, 1, 1 ),
"update": 0,
"values": [ 0.0, 0.0, 0.0, -8.82138, 0.0 ]
}
tracks/4/type = "value"
tracks/4/path = NodePath("korpo/gambo_01:position")
tracks/4/interp = 1
tracks/4/loop_wrap = true
tracks/4/imported = false
tracks/4/enabled = true
tracks/4/keys = {
"times": PoolRealArray( 0, 0.5, 1, 2, 3, 4 ),
"transitions": PoolRealArray( 1, 1, 1, 1, 1, 1 ),
"update": 0,
"values": [ Vector2( 4.95003, -131.364 ), Vector2( 2.38175, -130.301 ), Vector2( -0.186539, -129.238 ), Vector2( -5.3231, -127.113 ), Vector2( -0.186539, -129.238 ), Vector2( 4.95003, -131.364 ) ]
}
tracks/5/type = "value"
tracks/5/path = NodePath("korpo/gambo_01:rotation_degrees")
tracks/5/interp = 2
tracks/5/loop_wrap = true
tracks/5/imported = false
tracks/5/enabled = true
tracks/5/keys = {
"times": PoolRealArray( 0, 0.5, 1, 2, 3, 4 ),
"transitions": PoolRealArray( 1, 1, 1, 1, 1, 1 ),
"update": 0,
"values": [ -72.0042, -27.769, -8.65679, 49.919, -31.9667, -72.0042 ]
}
tracks/6/type = "value"
tracks/6/path = NodePath("korpo/korpo:position")
tracks/6/interp = 2
tracks/6/loop_wrap = true
tracks/6/imported = false
tracks/6/enabled = true
tracks/6/keys = {
"times": PoolRealArray( 0, 1, 2, 2.5, 3, 4 ),
"transitions": PoolRealArray( 1, 1, 1, 1, 1, 1 ),
"update": 0,
"values": [ Vector2( -2.67329, -136.438 ), Vector2( -2.67329, -136.438 ), Vector2( -2.67329, -136.438 ), Vector2( -2.67329, -136.438 ), Vector2( -2.67329, -136.438 ), Vector2( -2.67329, -136.438 ) ]
}
tracks/7/type = "value"
tracks/7/path = NodePath("korpo/korpo:rotation_degrees")
tracks/7/interp = 2
tracks/7/loop_wrap = true
tracks/7/imported = false
tracks/7/enabled = true
tracks/7/keys = {
"times": PoolRealArray( 0, 1, 2, 2.5, 3, 4 ),
"transitions": PoolRealArray( 1, 1, 1, 1, 1, 1 ),
"update": 0,
"values": [ 0.0, 0.0, 0.0, 0.0, 0.0, 0.0 ]
}
tracks/8/type = "value"
tracks/8/path = NodePath("korpo/brako_02/antauxbrako:position")
tracks/8/interp = 1
tracks/8/loop_wrap = true
tracks/8/imported = false
tracks/8/enabled = true
tracks/8/keys = {
"times": PoolRealArray( 0, 1, 2, 3, 3.4, 4 ),
"transitions": PoolRealArray( 1, 1, 1, 1, 1, 1 ),
"update": 0,
"values": [ Vector2( -4.10571, 35.0569 ), Vector2( -4.10571, 35.0569 ), Vector2( -4.10571, 35.0569 ), Vector2( -4.10571, 35.0569 ), Vector2( -4.10571, 35.0569 ), Vector2( -4.10571, 35.0569 ) ]
}
tracks/9/type = "value"
tracks/9/path = NodePath("korpo/brako_02/antauxbrako:rotation_degrees")
tracks/9/interp = 1
tracks/9/loop_wrap = true
tracks/9/imported = false
tracks/9/enabled = true
tracks/9/keys = {
"times": PoolRealArray( 0, 1, 2, 3, 3.4, 4 ),
"transitions": PoolRealArray( 1, 1, 1, 1, 1, 1 ),
"update": 0,
"values": [ -79.644, -79.644, -79.644, -79.644, -63.7317, -79.644 ]
}
tracks/10/type = "value"
tracks/10/path = NodePath("korpo/gambo_01/sub_gambo/piedo:position")
tracks/10/interp = 1
tracks/10/loop_wrap = true
tracks/10/imported = false
tracks/10/enabled = true
tracks/10/keys = {
"times": PoolRealArray( 0, 1, 2, 3, 4 ),
"transitions": PoolRealArray( 1, 1, 1, 1, 1 ),
"update": 0,
"values": [ Vector2( 0.547546, 50.5824 ), Vector2( 0.547546, 50.5824 ), Vector2( 0.547546, 50.5824 ), Vector2( 0.547546, 50.5824 ), Vector2( 0.547546, 50.5824 ) ]
}
tracks/11/type = "value"
tracks/11/path = NodePath("korpo/gambo_01/sub_gambo/piedo:rotation_degrees")
tracks/11/interp = 1
tracks/11/loop_wrap = true
tracks/11/imported = false
tracks/11/enabled = true
tracks/11/keys = {
"times": PoolRealArray( 0, 1, 2, 3, 4 ),
"transitions": PoolRealArray( 1, 1, 1, 1, 1 ),
"update": 0,
"values": [ 0.0, -18.1237, 0.0, 0.0, 0.0 ]
}
tracks/12/type = "value"
tracks/12/path = NodePath("korpo/brako_01/antauxbrako/mano:position")
tracks/12/interp = 1
tracks/12/loop_wrap = true
tracks/12/imported = false
tracks/12/enabled = true
tracks/12/keys = {
"times": PoolRealArray( 0, 1, 2, 3, 4 ),
"transitions": PoolRealArray( 1, 1, 1, 1, 1 ),
"update": 0,
"values": [ Vector2( -1.65375, 37.5591 ), Vector2( -1.65375, 37.5591 ), Vector2( -1.65375, 37.5591 ), Vector2( -1.65375, 37.5591 ), Vector2( -1.65375, 37.5591 ) ]
}
tracks/13/type = "value"
tracks/13/path = NodePath("korpo/brako_01/antauxbrako/mano:rotation_degrees")
tracks/13/interp = 1
tracks/13/loop_wrap = true
tracks/13/imported = false
tracks/13/enabled = true
tracks/13/keys = {
"times": PoolRealArray( 0, 1, 2, 3, 4 ),
"transitions": PoolRealArray( 1, 1, 1, 1, 1 ),
"update": 0,
"values": [ -178.433, -178.433, -178.433, -178.433, -178.433 ]
}
tracks/14/type = "value"
tracks/14/path = NodePath("korpo/korpo/cxapelo:position")
tracks/14/interp = 2
tracks/14/loop_wrap = true
tracks/14/imported = false
tracks/14/enabled = true
tracks/14/keys = {
"times": PoolRealArray( 0.2, 1.2, 2.2, 3.2, 4.2 ),
"transitions": PoolRealArray( 1, 1, 1, 1, 1 ),
"update": 0,
"values": [ Vector2( -2.46152, -60.28 ), Vector2( 1.02982, -54.4611 ), Vector2( 0.253967, -57.5645 ), Vector2( 0.641907, -54.4611 ), Vector2( -2.46152, -60.28 ) ]
}
tracks/15/type = "value"
tracks/15/path = NodePath("korpo/korpo/cxapelo:rotation_degrees")
tracks/15/interp = 2
tracks/15/loop_wrap = true
tracks/15/imported = false
tracks/15/enabled = true
tracks/15/keys = {
"times": PoolRealArray( 0.3, 1.3, 2.3, 3.3, 4.3 ),
"transitions": PoolRealArray( 1, 1, 1, 1, 1 ),
"update": 0,
"values": [ -5.26014, 9.20563, -6.33575, 5.47675, -5.26014 ]
}
tracks/16/type = "value"
tracks/16/path = NodePath("korpo/gambo_02:position")
tracks/16/interp = 1
tracks/16/loop_wrap = true
tracks/16/imported = false
tracks/16/enabled = true
tracks/16/keys = {
"times": PoolRealArray( 0, 1, 2, 2.5, 3, 4 ),
"transitions": PoolRealArray( 1, 1, 1, 1, 1, 1 ),
"update": 0,
"values": [ Vector2( -5.46855, -121.388 ), Vector2( -2.28033, -126.17 ), Vector2( 0.907883, -130.952 ), Vector2( -0.686223, -128.561 ), Vector2( -2.28033, -126.17 ), Vector2( -5.46855, -121.388 ) ]
}
tracks/17/type = "value"
tracks/17/path = NodePath("korpo/gambo_02:rotation_degrees")
tracks/17/interp = 2
tracks/17/loop_wrap = true
tracks/17/imported = false
tracks/17/enabled = true
tracks/17/keys = {
"times": PoolRealArray( 0, 1, 2, 2.5, 3, 4 ),
"transitions": PoolRealArray( 1, 1, 1, 1, 1, 1 ),
"update": 0,
"values": [ 52.091, -31.6928, -71.9219, -29.6865, -6.01145, 52.091 ]
}
tracks/18/type = "value"
tracks/18/path = NodePath("korpo:position")
tracks/18/interp = 2
tracks/18/loop_wrap = true
tracks/18/imported = false
tracks/18/enabled = true
tracks/18/keys = {
"times": PoolRealArray( -0.2, 0.8, 1.8, 2.8, 3.8 ),
"transitions": PoolRealArray( 1, 1, 1, 1, 1 ),
"update": 0,
"values": [ Vector2( 1.063, -15.316 ), Vector2( 1.063, 12.0176 ), Vector2( 1.063, -20.793 ), Vector2( 1.063, 9.317 ), Vector2( 1.063, -15.316 ) ]
}
tracks/19/type = "value"
tracks/19/path = NodePath("korpo:rotation_degrees")
tracks/19/interp = 1
tracks/19/loop_wrap = true
tracks/19/imported = false
tracks/19/enabled = true
tracks/19/keys = {
"times": PoolRealArray( 0, 0.5, 1, 2, 3, 4 ),
"transitions": PoolRealArray( 1, 1, 1, 1, 1, 1 ),
"update": 0,
"values": [ 0.0, 0.0, 0.0, 0.0, 0.0, 0.0 ]
}
tracks/20/type = "value"
tracks/20/path = NodePath("korpo/brako_01:position")
tracks/20/interp = 2
tracks/20/loop_wrap = true
tracks/20/imported = false
tracks/20/enabled = true
tracks/20/keys = {
"times": PoolRealArray( 0.4, 1.4, 2.4, 3.4, 4.4 ),
"transitions": PoolRealArray( 1, 1, 1, 1, 1 ),
"update": 0,
"values": [ Vector2( 15.7245, -177.988 ), Vector2( -1.81068, -174.977 ), Vector2( -19.3459, -171.965 ), Vector2( -1.81068, -174.977 ), Vector2( 15.7245, -177.988 ) ]
}
tracks/21/type = "value"
tracks/21/path = NodePath("korpo/brako_01:rotation_degrees")
tracks/21/interp = 2
tracks/21/loop_wrap = true
tracks/21/imported = false
tracks/21/enabled = true
tracks/21/keys = {
"times": PoolRealArray( 0.4, 1.4, 2.4, 3.4, 4.4 ),
"transitions": PoolRealArray( 1, 1, 1, 1, 1 ),
"update": 0,
"values": [ -54.507, 8.26236, 71.0317, 8.26236, -54.507 ]
}
tracks/22/type = "value"
tracks/22/path = NodePath("korpo/gambo_01/sub_gambo:position")
tracks/22/interp = 1
tracks/22/loop_wrap = true
tracks/22/imported = false
tracks/22/enabled = true
tracks/22/keys = {
"times": PoolRealArray( 0, 0.5, 1, 2, 3, 4 ),
"transitions": PoolRealArray( 1, 1, 1, 1, 1, 1 ),
"update": 0,
"values": [ Vector2( 1.83348, 48.8873 ), Vector2( 1.83348, 48.8873 ), Vector2( 1.83348, 48.8873 ), Vector2( 1.83348, 48.8873 ), Vector2( 1.83348, 48.8873 ), Vector2( 1.83348, 48.8873 ) ]
}
tracks/23/type = "value"
tracks/23/path = NodePath("korpo/gambo_01/sub_gambo:rotation_degrees")
tracks/23/interp = 1
tracks/23/loop_wrap = true
tracks/23/imported = false
tracks/23/enabled = true
tracks/23/keys = {
"times": PoolRealArray( 0, 0.5, 1, 2, 3, 4 ),
"transitions": PoolRealArray( 1, 1, 1, 1, 1, 1 ),
"update": 0,
"values": [ 28.6449, 8.82857, 26.2133, 74.4291, 100.756, 28.6449 ]
}
tracks/24/type = "value"
tracks/24/path = NodePath("korpo/brako_02/antauxbrako/mano:position")
tracks/24/interp = 1
tracks/24/loop_wrap = true
tracks/24/imported = false
tracks/24/enabled = true
tracks/24/keys = {
"times": PoolRealArray( 0, 1, 2, 3, 4 ),
"transitions": PoolRealArray( 1, 1, 1, 1, 1 ),
"update": 0,
"values": [ Vector2( -1.65375, 37.5591 ), Vector2( -1.65375, 37.5591 ), Vector2( -1.65375, 37.5591 ), Vector2( -1.65375, 37.5591 ), Vector2( -1.65375, 37.5591 ) ]
}
tracks/25/type = "value"
tracks/25/path = NodePath("korpo/brako_02/antauxbrako/mano:rotation_degrees")
tracks/25/interp = 1
tracks/25/loop_wrap = true
tracks/25/imported = false
tracks/25/enabled = true
tracks/25/keys = {
"times": PoolRealArray( 0, 1, 2, 3, 4 ),
"transitions": PoolRealArray( 1, 1, 1, 1, 1 ),
"update": 0,
"values": [ -178.433, -178.433, -178.433, -178.433, -178.433 ]
}
tracks/26/type = "value"
tracks/26/path = NodePath("korpo/brako_01/antauxbrako:position")
tracks/26/interp = 1
tracks/26/loop_wrap = true
tracks/26/imported = false
tracks/26/enabled = true
tracks/26/keys = {
"times": PoolRealArray( 0, 1, 2, 3, 3.4, 4 ),
"transitions": PoolRealArray( 1, 1, 1, 1, 1, 1 ),
"update": 0,
"values": [ Vector2( -4.10571, 35.0569 ), Vector2( -4.10571, 35.0569 ), Vector2( -4.10571, 35.0569 ), Vector2( -4.10571, 35.0569 ), Vector2( -4.10571, 35.0569 ), Vector2( -4.10571, 35.0569 ) ]
}
tracks/27/type = "value"
tracks/27/path = NodePath("korpo/brako_01/antauxbrako:rotation_degrees")
tracks/27/interp = 1
tracks/27/loop_wrap = true
tracks/27/imported = false
tracks/27/enabled = true
tracks/27/keys = {
"times": PoolRealArray( 0, 1, 2, 3, 3.4, 4 ),
"transitions": PoolRealArray( 1, 1, 1, 1, 1, 1 ),
"update": 0,
"values": [ -79.644, -79.644, -79.644, -79.644, -65.4361, -79.644 ]
}
tracks/28/type = "value"
tracks/28/path = NodePath("korpo/brako_02:position")
tracks/28/interp = 2
tracks/28/loop_wrap = true
tracks/28/imported = false
tracks/28/enabled = true
tracks/28/keys = {
"times": PoolRealArray( 0.4, 1.4, 2.4, 3.4, 4.4 ),
"transitions": PoolRealArray( 1, 1, 1, 1, 1 ),
"update": 0,
"values": [ Vector2( -23.7091, -172.032 ), Vector2( -4.57977, -174.689 ), Vector2( 14.5495, -177.345 ), Vector2( -4.57977, -174.689 ), Vector2( -23.7091, -172.032 ) ]
}
tracks/29/type = "value"
tracks/29/path = NodePath("korpo/brako_02:rotation_degrees")
tracks/29/interp = 2
tracks/29/loop_wrap = true
tracks/29/imported = false
tracks/29/enabled = true
tracks/29/keys = {
"times": PoolRealArray( 0.4, 1.4, 2.4, 3.4, 4.4 ),
"transitions": PoolRealArray( 1, 1, 1, 1, 1 ),
"update": 0,
"values": [ 67.3369, 4.72166, -57.8935, 4.72166, 67.3369 ]
}
tracks/30/type = "value"
tracks/30/path = NodePath("ombro:scale")
tracks/30/interp = 1
tracks/30/loop_wrap = true
tracks/30/imported = false
tracks/30/enabled = true
tracks/30/keys = {
"times": PoolRealArray( 0, 1, 2, 3, 4 ),
"transitions": PoolRealArray( 1, 1, 1, 1, 1 ),
"update": 0,
"values": [ Vector2( 0.169, 0.024 ), Vector2( 0.246, 0.025 ), Vector2( 0.146, 0.019 ), Vector2( 0.246, 0.025 ), Vector2( 0.169, 0.024 ) ]
}
tracks/31/type = "method"
tracks/31/path = NodePath(".")
tracks/31/interp = 1
tracks/31/loop_wrap = true
tracks/31/imported = false
tracks/31/enabled = true
tracks/31/keys = {
"times": PoolRealArray( 1, 3 ),
"transitions": PoolRealArray( 1, 1 ),
"values": [ {
"args": [  ],
"method": "ludi_pasx_sonon_1"
}, {
"args": [  ],
"method": "ludi_pasx_sonon_2"
} ]
}

[sub_resource type="Animation" id=8]

length = 3.0
loop = true
tracks/0/type = "value"
tracks/0/path = NodePath("korpo:position")
tracks/0/interp = 2
tracks/0/loop_wrap = true
tracks/0/imported = false
tracks/0/enabled = true
tracks/0/keys = {
"times": PoolRealArray( 0.0405632, 1.5, 3 ),
"transitions": PoolRealArray( 1, 1, 1 ),
"update": 0,
"values": [ Vector2( 1.06274, 0.0593548 ), Vector2( 5.29156, 1.8717 ), Vector2( 1.06274, 0.0593548 ) ]
}
tracks/1/type = "value"
tracks/1/path = NodePath("korpo:rotation_degrees")
tracks/1/interp = 2
tracks/1/loop_wrap = true
tracks/1/imported = false
tracks/1/enabled = true
tracks/1/keys = {
"times": PoolRealArray( 0.0405632, 1.5, 3 ),
"transitions": PoolRealArray( 1, 1, 1 ),
"update": 0,
"values": [ 0.0, -1.32981, 0.0 ]
}
tracks/2/type = "value"
tracks/2/path = NodePath("korpo/korpo:position")
tracks/2/interp = 1
tracks/2/loop_wrap = true
tracks/2/imported = false
tracks/2/enabled = true
tracks/2/keys = {
"times": PoolRealArray( 0.0405632, 1.5, 3 ),
"transitions": PoolRealArray( 1, 1, 1 ),
"update": 0,
"values": [ Vector2( -2.67329, -136.438 ), Vector2( -2.67329, -136.438 ), Vector2( -2.67329, -136.438 ) ]
}
tracks/3/type = "value"
tracks/3/path = NodePath("korpo/korpo:rotation_degrees")
tracks/3/interp = 1
tracks/3/loop_wrap = true
tracks/3/imported = false
tracks/3/enabled = true
tracks/3/keys = {
"times": PoolRealArray( 0.0405632, 1.5, 3 ),
"transitions": PoolRealArray( 1, 1, 1 ),
"update": 0,
"values": [ 0.0, 0.0, 0.0 ]
}
tracks/4/type = "value"
tracks/4/path = NodePath("korpo/korpo/cxapelo:position")
tracks/4/interp = 1
tracks/4/loop_wrap = true
tracks/4/imported = false
tracks/4/enabled = true
tracks/4/keys = {
"times": PoolRealArray( 0.0405632, 1.5, 3 ),
"transitions": PoolRealArray( 1, 1, 1 ),
"update": 0,
"values": [ Vector2( -2.30087, -59.9124 ), Vector2( -2.30087, -59.9124 ), Vector2( -2.30087, -59.9124 ) ]
}
tracks/5/type = "value"
tracks/5/path = NodePath("korpo/korpo/cxapelo:rotation_degrees")
tracks/5/interp = 1
tracks/5/loop_wrap = true
tracks/5/imported = false
tracks/5/enabled = true
tracks/5/keys = {
"times": PoolRealArray( 0.0405632, 1.5, 3 ),
"transitions": PoolRealArray( 1, 1, 1 ),
"update": 0,
"values": [ -32.5529, -32.5529, -32.5529 ]
}
tracks/6/type = "value"
tracks/6/path = NodePath("korpo/brako_01/antauxbrako/mano:position")
tracks/6/interp = 1
tracks/6/loop_wrap = true
tracks/6/imported = false
tracks/6/enabled = true
tracks/6/keys = {
"times": PoolRealArray( 0.0405632, 1.5, 3 ),
"transitions": PoolRealArray( 1, 1, 1 ),
"update": 0,
"values": [ Vector2( -1.65375, 37.5591 ), Vector2( -1.65375, 37.5591 ), Vector2( -1.65375, 37.5591 ) ]
}
tracks/7/type = "value"
tracks/7/path = NodePath("korpo/brako_01/antauxbrako/mano:rotation_degrees")
tracks/7/interp = 1
tracks/7/loop_wrap = true
tracks/7/imported = false
tracks/7/enabled = true
tracks/7/keys = {
"times": PoolRealArray( 0.0405632, 1.5, 3 ),
"transitions": PoolRealArray( 1, 1, 1 ),
"update": 0,
"values": [ -178.433, -178.433, -178.433 ]
}
tracks/8/type = "value"
tracks/8/path = NodePath("korpo/brako_02:position")
tracks/8/interp = 1
tracks/8/loop_wrap = true
tracks/8/imported = false
tracks/8/enabled = true
tracks/8/keys = {
"times": PoolRealArray( 0.0405632, 1.5, 3 ),
"transitions": PoolRealArray( 1, 1, 1 ),
"update": 0,
"values": [ Vector2( -19.6546, -172.595 ), Vector2( -19.6546, -172.595 ), Vector2( -19.6546, -172.595 ) ]
}
tracks/9/type = "value"
tracks/9/path = NodePath("korpo/brako_02:rotation_degrees")
tracks/9/interp = 2
tracks/9/loop_wrap = true
tracks/9/imported = false
tracks/9/enabled = true
tracks/9/keys = {
"times": PoolRealArray( 0.3, 1.8, 3.3 ),
"transitions": PoolRealArray( 1, 1, 1 ),
"update": 0,
"values": [ 31.0212, 34.0163, 31.0212 ]
}
tracks/10/type = "value"
tracks/10/path = NodePath("korpo/brako_02/antauxbrako:position")
tracks/10/interp = 1
tracks/10/loop_wrap = true
tracks/10/imported = false
tracks/10/enabled = true
tracks/10/keys = {
"times": PoolRealArray( 0.0405632, 1.5, 3 ),
"transitions": PoolRealArray( 1, 1, 1 ),
"update": 0,
"values": [ Vector2( -4.10571, 35.0569 ), Vector2( -4.10571, 35.0569 ), Vector2( -4.10571, 35.0569 ) ]
}
tracks/11/type = "value"
tracks/11/path = NodePath("korpo/brako_02/antauxbrako:rotation_degrees")
tracks/11/interp = 2
tracks/11/loop_wrap = true
tracks/11/imported = false
tracks/11/enabled = true
tracks/11/keys = {
"times": PoolRealArray( 0.0405632, 1.5, 3 ),
"transitions": PoolRealArray( 1, 1, 1 ),
"update": 0,
"values": [ -4.36864, -0.887649, -4.36864 ]
}
tracks/12/type = "value"
tracks/12/path = NodePath("korpo/gambo_01:position")
tracks/12/interp = 1
tracks/12/loop_wrap = true
tracks/12/imported = false
tracks/12/enabled = true
tracks/12/keys = {
"times": PoolRealArray( 0.0405632, 1.5, 3 ),
"transitions": PoolRealArray( 1, 1, 1 ),
"update": 0,
"values": [ Vector2( 4.74167, -131.278 ), Vector2( 4.74167, -131.278 ), Vector2( 4.74167, -131.278 ) ]
}
tracks/13/type = "value"
tracks/13/path = NodePath("korpo/gambo_01:rotation_degrees")
tracks/13/interp = 2
tracks/13/loop_wrap = true
tracks/13/imported = false
tracks/13/enabled = true
tracks/13/keys = {
"times": PoolRealArray( 0.6, 2, 3.5 ),
"transitions": PoolRealArray( 1, 1, 1 ),
"update": 0,
"values": [ -98.6282, -96.0093, -98.6282 ]
}
tracks/14/type = "value"
tracks/14/path = NodePath("korpo/brako_02/antauxbrako/mano:position")
tracks/14/interp = 1
tracks/14/loop_wrap = true
tracks/14/imported = false
tracks/14/enabled = true
tracks/14/keys = {
"times": PoolRealArray( 0.0405632, 1.5, 3 ),
"transitions": PoolRealArray( 1, 1, 1 ),
"update": 0,
"values": [ Vector2( -1.65375, 37.5591 ), Vector2( -1.65375, 37.5591 ), Vector2( -1.65375, 37.5591 ) ]
}
tracks/15/type = "value"
tracks/15/path = NodePath("korpo/brako_02/antauxbrako/mano:rotation_degrees")
tracks/15/interp = 1
tracks/15/loop_wrap = true
tracks/15/imported = false
tracks/15/enabled = true
tracks/15/keys = {
"times": PoolRealArray( 0.0405632, 1.5, 3 ),
"transitions": PoolRealArray( 1, 1, 1 ),
"update": 0,
"values": [ -178.433, -178.433, -178.433 ]
}
tracks/16/type = "value"
tracks/16/path = NodePath("korpo/gambo_01/sub_gambo:position")
tracks/16/interp = 1
tracks/16/loop_wrap = true
tracks/16/imported = false
tracks/16/enabled = true
tracks/16/keys = {
"times": PoolRealArray( 0.0405632, 1.5, 3 ),
"transitions": PoolRealArray( 1, 1, 1 ),
"update": 0,
"values": [ Vector2( 1.83348, 48.8873 ), Vector2( 1.83348, 48.8873 ), Vector2( 1.83348, 48.8873 ) ]
}
tracks/17/type = "value"
tracks/17/path = NodePath("korpo/gambo_01/sub_gambo:rotation_degrees")
tracks/17/interp = 2
tracks/17/loop_wrap = true
tracks/17/imported = false
tracks/17/enabled = true
tracks/17/keys = {
"times": PoolRealArray( 0.0405632, 1.5, 3 ),
"transitions": PoolRealArray( 1, 1, 1 ),
"update": 0,
"values": [ 130.609, 128.504, 130.609 ]
}
tracks/18/type = "value"
tracks/18/path = NodePath("korpo/gambo_01/sub_gambo/piedo:position")
tracks/18/interp = 1
tracks/18/loop_wrap = true
tracks/18/imported = false
tracks/18/enabled = true
tracks/18/keys = {
"times": PoolRealArray( 0.0405632, 1.5, 3 ),
"transitions": PoolRealArray( 1, 1, 1 ),
"update": 0,
"values": [ Vector2( 0.547546, 50.5824 ), Vector2( 0.547546, 50.5824 ), Vector2( 0.547546, 50.5824 ) ]
}
tracks/19/type = "value"
tracks/19/path = NodePath("korpo/gambo_01/sub_gambo/piedo:rotation_degrees")
tracks/19/interp = 2
tracks/19/loop_wrap = true
tracks/19/imported = false
tracks/19/enabled = true
tracks/19/keys = {
"times": PoolRealArray( 0.0405632, 1.5, 3 ),
"transitions": PoolRealArray( 1, 1, 1 ),
"update": 0,
"values": [ -0.735155, 4.27553, -0.735155 ]
}
tracks/20/type = "value"
tracks/20/path = NodePath("korpo/gambo_02:position")
tracks/20/interp = 1
tracks/20/loop_wrap = true
tracks/20/imported = false
tracks/20/enabled = true
tracks/20/keys = {
"times": PoolRealArray( 0.0405632, 1.5, 3 ),
"transitions": PoolRealArray( 1, 1, 1 ),
"update": 0,
"values": [ Vector2( -5.33923, -121.582 ), Vector2( -5.33923, -121.582 ), Vector2( -5.33923, -121.582 ) ]
}
tracks/21/type = "value"
tracks/21/path = NodePath("korpo/gambo_02:rotation_degrees")
tracks/21/interp = 2
tracks/21/loop_wrap = true
tracks/21/imported = false
tracks/21/enabled = true
tracks/21/keys = {
"times": PoolRealArray( 0.0405632, 1.5, 3 ),
"transitions": PoolRealArray( 1, 1, 1 ),
"update": 0,
"values": [ 20.9421, 29.1959, 20.9421 ]
}
tracks/22/type = "value"
tracks/22/path = NodePath("korpo/gambo_02/sub_gambo:position")
tracks/22/interp = 1
tracks/22/loop_wrap = true
tracks/22/imported = false
tracks/22/enabled = true
tracks/22/keys = {
"times": PoolRealArray( 0.0405632, 1.5, 3 ),
"transitions": PoolRealArray( 1, 1, 1 ),
"update": 0,
"values": [ Vector2( 1.83348, 48.8873 ), Vector2( 1.83348, 48.8873 ), Vector2( 1.83348, 48.8873 ) ]
}
tracks/23/type = "value"
tracks/23/path = NodePath("korpo/gambo_02/sub_gambo:rotation_degrees")
tracks/23/interp = 2
tracks/23/loop_wrap = true
tracks/23/imported = false
tracks/23/enabled = true
tracks/23/keys = {
"times": PoolRealArray( 0.0405632, 1.5, 3 ),
"transitions": PoolRealArray( 1, 1, 1 ),
"update": 0,
"values": [ 33.6085, 29.0417, 33.6085 ]
}
tracks/24/type = "value"
tracks/24/path = NodePath("korpo/gambo_02/sub_gambo/piedo:position")
tracks/24/interp = 1
tracks/24/loop_wrap = true
tracks/24/imported = false
tracks/24/enabled = true
tracks/24/keys = {
"times": PoolRealArray( 0.0405632, 1.5, 3 ),
"transitions": PoolRealArray( 1, 1, 1 ),
"update": 0,
"values": [ Vector2( 0.547546, 50.5824 ), Vector2( 0.547546, 50.5824 ), Vector2( 0.547546, 50.5824 ) ]
}
tracks/25/type = "value"
tracks/25/path = NodePath("korpo/gambo_02/sub_gambo/piedo:rotation_degrees")
tracks/25/interp = 2
tracks/25/loop_wrap = true
tracks/25/imported = false
tracks/25/enabled = true
tracks/25/keys = {
"times": PoolRealArray( 0.0405632, 1.5, 3 ),
"transitions": PoolRealArray( 1, 1, 1 ),
"update": 0,
"values": [ 52.3948, 55.2453, 52.3948 ]
}
tracks/26/type = "value"
tracks/26/path = NodePath("korpo/brako_01:position")
tracks/26/interp = 1
tracks/26/loop_wrap = true
tracks/26/imported = false
tracks/26/enabled = true
tracks/26/keys = {
"times": PoolRealArray( 0.0405632, 1.5, 3 ),
"transitions": PoolRealArray( 1, 1, 1 ),
"update": 0,
"values": [ Vector2( 12.0079, -177.35 ), Vector2( 12.0079, -177.35 ), Vector2( 12.0079, -177.35 ) ]
}
tracks/27/type = "value"
tracks/27/path = NodePath("korpo/brako_01:rotation_degrees")
tracks/27/interp = 2
tracks/27/loop_wrap = true
tracks/27/imported = false
tracks/27/enabled = true
tracks/27/keys = {
"times": PoolRealArray( 0.0405632, 1.5, 3 ),
"transitions": PoolRealArray( 1, 1, 1 ),
"update": 0,
"values": [ 45.2008, 48.8124, 45.2008 ]
}
tracks/28/type = "value"
tracks/28/path = NodePath("korpo/brako_01/antauxbrako:position")
tracks/28/interp = 1
tracks/28/loop_wrap = true
tracks/28/imported = false
tracks/28/enabled = true
tracks/28/keys = {
"times": PoolRealArray( 0.0405632, 1.5, 3 ),
"transitions": PoolRealArray( 1, 1, 1 ),
"update": 0,
"values": [ Vector2( -4.10571, 35.0569 ), Vector2( -4.10571, 35.0569 ), Vector2( -4.10571, 35.0569 ) ]
}
tracks/29/type = "value"
tracks/29/path = NodePath("korpo/brako_01/antauxbrako:rotation_degrees")
tracks/29/interp = 2
tracks/29/loop_wrap = true
tracks/29/imported = false
tracks/29/enabled = true
tracks/29/keys = {
"times": PoolRealArray( 0.0405632, 1.5, 3 ),
"transitions": PoolRealArray( 1, 1, 1 ),
"update": 0,
"values": [ -24.1868, -21.8725, -24.1868 ]
}

[sub_resource type="SpriteFrames" id=9]

animations = [ {
"frames": [ ExtResource( 16 ), ExtResource( 17 ), ExtResource( 18 ), ExtResource( 19 ), ExtResource( 20 ), ExtResource( 21 ), ExtResource( 22 ), ExtResource( 23 ), ExtResource( 24 ) ],
"loop": true,
"name": "default",
"speed": 18.0
} ]

[sub_resource type="SpriteFrames" id=10]

animations = [ {
"frames": [ ExtResource( 25 ), ExtResource( 26 ), ExtResource( 27 ), ExtResource( 28 ), ExtResource( 29 ), ExtResource( 30 ), ExtResource( 31 ), ExtResource( 32 ), ExtResource( 33 ), ExtResource( 34 ), ExtResource( 35 ), ExtResource( 36 ), ExtResource( 37 ), ExtResource( 38 ), ExtResource( 39 ), ExtResource( 40 ), ExtResource( 41 ), ExtResource( 42 ), ExtResource( 43 ), ExtResource( 44 ), ExtResource( 45 ), ExtResource( 46 ), ExtResource( 47 ), ExtResource( 48 ) ],
"loop": true,
"name": "New Anim",
"speed": 20.0
} ]

[node name="Esperantisto" type="KinematicBody2D"]
scale = Vector2( 0.5, 0.5 )
collision_layer = 9
collision_mask = 9
script = ExtResource( 1 )

[node name="radio" type="RayCast2D" parent="."]
position = Vector2( 0, -7.35695 )
enabled = true
cast_to = Vector2( 0, 500 )
collision_mask = 13

[node name="kolektejo" type="Area2D" parent="."]
collision_layer = 10
collision_mask = 10

[node name="CollisionShape2D" type="CollisionShape2D" parent="kolektejo"]
position = Vector2( 23.3033, -72.6714 )
shape = SubResource( 1 )

[node name="koliz" type="CollisionShape2D" parent="."]
position = Vector2( 0, -57.7679 )
shape = SubResource( 2 )

[node name="ombro" type="Sprite" parent="."]
position = Vector2( 0.324768, 0.374863 )
scale = Vector2( 0.452797, 0.0470593 )
texture = ExtResource( 2 )

[node name="korpo" type="Node2D" parent="."]
position = Vector2( -64.589, -52.1196 )
rotation = 1.504
scale = Vector2( 0.5, 0.5 )

[node name="korpo" type="Sprite" parent="korpo"]
position = Vector2( -2.67329, -136.438 )
z_index = 1
texture = ExtResource( 3 )
offset = Vector2( 0, -18.57 )

[node name="cxapelo" type="Sprite" parent="korpo/korpo"]
position = Vector2( -14.049, -60.9529 )
rotation = -1.3184
texture = ExtResource( 4 )
offset = Vector2( 2.44, -29.71 )

[node name="gambo_01" type="Sprite" parent="korpo"]
position = Vector2( -0.841549, -128.967 )
rotation = -0.0367605
texture = ExtResource( 5 )
offset = Vector2( 0, 24.61 )

[node name="sub_gambo" type="Sprite" parent="korpo/gambo_01"]
position = Vector2( 1.83348, 48.8873 )
rotation = 0.564818
texture = ExtResource( 6 )
offset = Vector2( 0, 25.31 )

[node name="piedo" type="Sprite" parent="korpo/gambo_01/sub_gambo"]
position = Vector2( 0.547546, 50.5824 )
rotation = 0.775862
texture = ExtResource( 7 )
offset = Vector2( 11.69, 1.15 )

[node name="gambo_02" type="Sprite" parent="korpo"]
position = Vector2( -1.87377, -126.78 )
rotation = 0.173947
z_index = 2
texture = ExtResource( 5 )
offset = Vector2( 0, 24.61 )

[node name="sub_gambo" type="Sprite" parent="korpo/gambo_02"]
position = Vector2( 1.83348, 48.8873 )
rotation = 0.546857
texture = ExtResource( 6 )
offset = Vector2( 0, 25.31 )

[node name="piedo" type="Sprite" parent="korpo/gambo_02/sub_gambo"]
position = Vector2( 0.547546, 50.5824 )
rotation = 1.12461
texture = ExtResource( 7 )
offset = Vector2( 11.69, 1.15 )

[node name="brako_01" type="Sprite" parent="korpo"]
position = Vector2( 9.00574, -186.589 )
rotation = -3.02954
z_index = 2
texture = ExtResource( 8 )
offset = Vector2( 0, 16.26 )

[node name="antauxbrako" type="Sprite" parent="korpo/brako_01"]
position = Vector2( -4.10571, 35.0569 )
rotation = -0.0470811
texture = ExtResource( 9 )
offset = Vector2( 0, 13.3 )

[node name="mano" type="Sprite" parent="korpo/brako_01/antauxbrako"]
position = Vector2( -1.65375, 37.5591 )
rotation = -3.11424
texture = ExtResource( 10 )

[node name="brako_02" type="Sprite" parent="korpo"]
position = Vector2( -17.9861, -173.021 )
rotation = -2.98006
texture = ExtResource( 8 )
offset = Vector2( 0, 16.26 )

[node name="antauxbrako" type="Sprite" parent="korpo/brako_02"]
position = Vector2( -4.10571, 35.0569 )
rotation = -0.0430485
texture = ExtResource( 9 )
offset = Vector2( 0, 13.3 )

[node name="mano" type="Sprite" parent="korpo/brako_02/antauxbrako"]
position = Vector2( -1.65375, 37.5591 )
rotation = -3.11424
texture = ExtResource( 10 )

[node name="AnimationPlayer" type="AnimationPlayer" parent="."]
playback_speed = 4.0
anims/fali = SubResource( 3 )
anims/fali_origina = SubResource( 4 )
anims/flugi = SubResource( 5 )
anims/genui = SubResource( 6 )
anims/kuri = SubResource( 7 )
anims/salti = SubResource( 8 )
blend_times = [ "fali", "kuri", 1.0, "fali", "salti", 0.3, "genui", "fali", 1.0, "genui", "genui", 1.0, "genui", "kuri", 1.0, "genui", "salti", 1.0, "kuri", "salti", 0.5, "salti", "fali", 1.5, "salti", "kuri", 0.4 ]

[node name="Tween" type="Tween" parent="."]

[node name="Node" type="Node" parent="."]

[node name="step01" type="AudioStreamPlayer" parent="Node"]
stream = ExtResource( 11 )
volume_db = -16.596
bus = "Sonoj"

[node name="step02" type="AudioStreamPlayer" parent="Node"]
stream = ExtResource( 12 )
volume_db = -16.596
bus = "Sonoj"

[node name="salti" type="AudioStreamPlayer" parent="Node"]
stream = ExtResource( 13 )
volume_db = 0.5
bus = "Sonoj"

[node name="eksplodo" type="AudioStreamPlayer" parent="Node"]
stream = ExtResource( 14 )
volume_db = 0.5
bus = "Sonoj"

[node name="salti2" type="AudioStreamPlayer" parent="Node"]
stream = ExtResource( 15 )
volume_db = -15.0
bus = "Sonoj"

[node name="Tempilo" type="Timer" parent="."]

[node name="salt_tempilo" type="Timer" parent="."]
wait_time = 0.3

[node name="FlugKapucxo" type="AnimatedSprite" parent="."]
visible = false
position = Vector2( 27.4834, -66.4375 )
scale = Vector2( 0.272277, 0.272277 )
z_index = 2
frames = SubResource( 9 )
frame = 2
playing = true
offset = Vector2( -251.628, 7.45009 )

[node name="FlugVento" type="AnimatedSprite" parent="."]
visible = false
position = Vector2( 14.4619, -63.7638 )
scale = Vector2( 0.272277, 0.272277 )
z_index = 2
frames = SubResource( 10 )
animation = "New Anim"
frame = 12
playing = true

[connection signal="body_entered" from="kolektejo" to="." method="_on_kolektejo_body_entered"]
[connection signal="animation_finished" from="AnimationPlayer" to="." method="_on_AnimationPlayer_animation_finished"]
[connection signal="timeout" from="Tempilo" to="." method="_on_Tempilo_timeout"]
[connection signal="timeout" from="salt_tempilo" to="." method="_on_salt_tempilo_timeout"]
